3596 4896
732 833 1338 927 CON‘O'PSARIAE.

384 1031 483 1168 Os
521 1097 710 1170 haustello·
730 1102 912 1197 elongato,
943 1103 1168 1199 geniculato,
1194 1106 1372 1196 porrecto·

379 1209 631 1274 Antenore
674 1203 939 1296 triarticulntae,
974 1207 1188 1276 subfractaer
1227 1221 1301 1274 seta
1327 1205 1384 1274 vel
1404 1201 1595 1276 terminali
1624 1201 1675 1272 vel

493 1303 637 1374 dorsali.

378 1397 561 1498 Corpus
594 1404 934 1496 subcylindricnm:
976 1397 1047 1476 ono
1074 1408 1237 1493 hammo,
1274 1407 1441 1479 incurvo.
1473 1435 1477 1440 ·

310 1539 311 1544 ¹
381 1507 495 1580 Aloe
531 1530 613 1577 oreo
638 1509 809 1604 angulari
834 1510 1035 1596 instructae,
1067 1531 1179 1580 nervo
1203 1508 1380 1578 interiori
1399 1504 1603 1602 marginali
1621 1501 1677 1572 de·

491 1610 641 1680 stitutae.

507 1740 674 1819 Corpus
707 1739 763 1799 vel
801 1758 981 1819 magnum,
1012 1741 1067 1802 vel
1101 1742 1281 1811 mediocre,
1325 1758 1444 1818 porum
1480 1739 1675 1818 pubescens,

380 1821 588 1900 elongatum,
623 1825 923 1905 subcylindricum.
970 1824 1172 1905 Clypeus
1210 1843 1361 1896 corneus,
1404 1823 1579 1894 dilatatus,
1612 1839 1676 1882 non

380 1917 579 1986 mystacens.
625 1911 855 1970 Antennac
888 1908 1141 1985 subporrectm,
1166 1909 1310 1970 articulo
1343 1910 1451 1986 primo
1487 1910 1599 1978 brevi,
1632 1925 1674 1966 se·

374 1990 491 2050 cundo
519 1990 686 2070 elongato,
713 1995 749 2050 in
769 1991 838 2052 basi
866 1993 1082 2070 geniculot03
1122 1993 1244 2053 ultimo
1266 1992 1417 2062 dilatato,
1433 1993 1675 2066 vel,acumino·

380 2087 416 2134 to
439 2074 560 2152 absque
586 2089 656 2135 seta
678 2076 812 2143 dorsali.
837 2077 890 2134 vei
913 2075 1146 2149 subtrnncnto,
1173 2091 1241 2136 seta
1265 2077 1386 2135 dorsoli
1407 2079 1589 2136 instructo.
1610 2075 1675 2136 Ca·

378 2171 456 2238 put
492 2178 663 2237 magnum,
709 2162 835 2234 postico
881 2172 1097 2234 truncatum,
1148 2178 1166 2218 n
1207 2160 1344 2220 thorace
1375 2160 1490 2238 paullo
1536 2161 1676 2219 distans:

379 2243 489 2304 oculis
516 2243 629 2314 nudis,
668 2241 831 2320 oblongis,
857 2246 1071 2320 prominulis,
1102 2243 1202 2318 longe
1234 2244 1381 2304 remotis.
1414 2243 1596 2304 Thorax
1627 2256 1676 2302 tu·

379 2327 526 2388 herculis
564 2325 794 2388 humeralibus
834 2327 1055 2404 prominulis‚
1093 2325 1302 2408 scutelloquo
1340 2347 1440 2404 parvo
1476 2331 1671 2389 instructus.

378 2413 606 2475 Abdomen
629 2423 727 2480 teres,
764 2411 833 2470 bosi
857 2414 960 2488 magis
983 2414 1136 2471 minusve
1159 2423 1381 2471 coarctatum:
1416 2430 1479 2472 ano
1502 2411 1674 2472 obtusissi-

378 2516 446 2570 mo,
482 2500 633 2566 incurvo,
678 2494 793 2553 subtus
833 2496 1101 2572 appendiculam.
1149 2495 1284 2554 Pedes
1321 2493 1443 2565 validi,
1486 2497 1671 2576 inoquoles.

381 2583 528 2644 Nervi
564 2575 694 2638 uiarum
717 2581 832 2637 eodem
857 2581 929 2637 fere
950 2580 1047 2638 modo
1071 2579 1266 2655 diriguntur
1303 2591 1401 2656 atque
1432 2583 1466 2639 in
1490 2581 1672 2660 Syrphicis.

379 2669 568 2728 Atnervus
592 2661 848 2738 longitudinalis
885 2662 1033 2722 forcatus
1069 2674 1148 2720 ante
1188 2663 1338 2730 medium
1375 2664 1457 2723 disci
1481 2665 1669 2726 inchoatur.
1727 2702 1732 2714 ι

381 2752 514 2812 Nervus
556 2746 748 2805 costulis
780 2749 817 2805 in
857 2748 988 2823 apicem
1011 2745 1065 2807 alae
1088 2746 1285 2820 producitur
1318 2746 1430 2824 ibique
1473 2769 1552 2808 cum
1575 2769 1673 2809 nervo

383 2844 460 2910 get
483 2852 515 2908 4,
542 2831 629 2889 facta
651 2847 727 2886 area
761 2829 996 2888 subdiscoidali
1034 2829 1088 2886 vel
1111 2841 1159 2886 rat
1182 2847 1285 2906 prope
1308 2829 1348 2887 ub
1380 2835 1473 2908 apice
1507 2837 1573 2892 sita
1615 2834 1673 2912 (in

384 2915 653 2986 Couoorrus)
679 2911 731 2969 vel
763 2915 892 2990 inipso
926 2915 1020 2989 apice
1042 2914 1224 2971 terminata
1259 2916 1322 2994 (in
1346 2916 1520 2976 Mrorrs
1556 2917 1670 2996 pleris-

378 2997 472 3078 que)
511 2996 742 3073 conjungitur,

468 3151 470 3158 ι
510 3112 797 3174 Differentia
834 3111 969 3170 Sexus
1003 3123 1212 3172 astructum
1244 3113 1455 3190 genitalium,
1478 3118 1534 3174 vix
1562 3117 1671 3188 aliter,

380 3197 593 3260 observanda.
640 3195 739 3256 Oculi
762 3197 855 3254 enim
877 3205 1019 3269 utroque
1044 3199 1079 3255 in
1100 3216 1180 3256 sexu
1200 3197 1372 3274 equaliter
1395 3203 1527 3259 remoti.
1559 3200 1671 3260 Atab-

381 3287 503 3346 domen
543 3280 763 3356 esegmentis
801 3279 820 3337 6
854 3290 993 3338 constat.
1040 3281 1081 3340 In
1103 3279 1166 3355 ¹hio
1203 3295 1413 3358 quartum
1447 3284 1670 3354 ventrale,

380 3368 538 3446 inprimis
562 3367 596 3423 in
622 3363 768 3423 maribus
797 3361 1034 3440 compunt,
1061 3367 1153 3440 quusi
1188 3368 1312 3440 aperiri
1348 3378 1380 3424 et
1415 3367 1526 3426 claudi
1551 3379 1668 3444 potest,

381 3461 512 3532 etpost
535 3460 680 3510 mortem
716 3445 916 3522 pierumque
964 3458 1260 3508 erectummanet.
1307 3451 1669 3513 Infeminisnonita.
1709 3519 1714 3528 ,

379 3539 533 3610 Uterque
555 3545 667 3590 tamen
690 3547 786 3588 sexus
811 3547 912 3587 anum
934 3531 1022 3606 gerit
1057 3530 1318 3608 obtusissimum‚
1360 3536 1551 3608 incurvum,
1583 3537 1669 3596 simi·

377 3619 450 3681 lem
469 3629 672 3676 structuram
695 3615 903 3672 extrinsecus
928 3614 1120 3692 indigitant.

506 3731 731 3806 Imagines
772 3732 807 3788 in
847 3729 986 3788 floribus
1025 3733 1275 3794 nutrimentum
1314 3748 1449 3816 sugunt,
1471 3738 1583 3798 minuo
1605 3737 1667 3796 fre·

379 3827 525 3903 quentcr
548 3813 654 3881 obviae.
708 3816 773 3878 Me
787 3824 800 3875 t
813 3813 1112 3907 amorphotis¹¹
1130 3817 1252 3894 ignoto.

1598 3991 1663 4056 CO·
