3582 4892
532 659 628 723 Mar.

406 821 454 898 '11
520 820 561 890 T.
604 807 815 906 leucocepltala
855 801 1142 897 subcyliudrice
1183 806 1403 903 nigricans,
1450 816 1658 890 maculatim

410 932 412 940 '
518 922 676 990 cinereo
699 915 867 994 micans3
907 923 1165 981 antennarum
1203 914 1368 986 articulo
1410 917 1550 989 ultimo
1587 920 1658 992 lon·

522 1022 705 1119 gissim03
751 1013 864 1085 lineis
903 1011 1072 1082 thoracis
1104 1010 1290 1086 obsoletis
1315 1015 1550 1114 tripliceque
1573 1021 1660 1090 aeria

521 1121 768 1197 macularum
793 1113 1008 1186 abdominis
1029 1113 1417 1209 nigro-micantibua3
1461 1118 1586 1196 fronte
1615 1144 1663 1194 ar·

406 1320 408 1330 Ι
520 1241 671 1324 geutaa,
707 1216 940 1312 prominula.

546 1350 634 1421 Tuci.
658 1346 869 1432 imcocephala
897 1350 969 1410 act.
995 1342 1111 1409 Halm
1136 1349 1193 1409 cit.
1220 1346 1321 1413 Pana.
1342 1351 1405 1414 Fu,
1429 1351 1544 1417 mm
1561 1348 1666 1416 tantan

404 1442 505 1513 rubr.
530 1441 626 1504 Antl.
651 1455 715 1514 504
752 1453 825 1497 too.

535 1554 631 1618 Mus
654 1563 688 1612 et
708 1547 739 1614 F
744 1567 808 1612 em.
852 1549 895 1610 In
918 1550 1043 1626 campie
1066 1550 1168 1611 aridia
1193 1553 1317 1619 Scanie
1349 1551 1439 1616 haud
1467 1555 1663 1634 infrequens,

408 1641 504 1707 ¹⁸01.
528 1635 737 1704 Zattentedt
760 1636 797 1694 in
818 1633 938 1712 copula
961 1635 1136 1695 observata
1155 1671 1195 1684 -
1218 1637 1346 1716 Corpus
1369 1637 1556 1701 individuis
1572 1634 1664 1698 Tach.

410 1727 538 1790 ruralia
562 1719 751 1783 minoribua
772 1734 843 1778 non
865 1717 993 1794 majus:
1019 1715 1159 1780 tharaca
1182 1721 1667 1800 nigro-quadri·lineeto,abdo·

409 1813 572 1888 miraeque
595 1803 737 1868 maculia
760 1803 796 1862 in
822 1813 969 1880 utroque
996 1817 1171 1885 segmento
1199 1817 1345 1882 quatuor
1376 1806 1668 1868 cinereo-micanti·

409 1895 473 1956 bue
497 1905 531 1952 et
553 1889 661 1951 tribua
684 1886 792 1966 nigri·
814 1888 970 1964 trigama,
988 1887 1030 1946 ad
1052 1900 1184 1948 certum
1200 1888 1341 1950 luminis
1361 1891 1666 1970 situmaonspicuir.

410 1978 511 2056 Palpi
534 1976 638 2053 nigri.
684 1969 784 2032 Oculi
807 1968 910 2049 longa
928 1971 1093 2030 distantes
1115 1983 1186 2032 tota
1214 1976 1330 2051 capitia
1367 1975 1475 2040 latera
1502 1984 1666 2052 occupant.

413 2060 533 2132 Frons,
558 2059 670 2120 antica
691 2055 732 2114 ad
754 2053 862 2113 latera
885 2057 921 2112 in
950 2055 1098 2126 femina,
1130 2069 1163 2114 at
1196 2071 1359 2135 praterea
1391 2076 1491 2138 aupra
1522 2070 1669 2118 antennae

405 2147 452 2226 ‘in
472 2163 564 2204 mara
588 2149 757 2220 argentea,
801 2137 950 2198 lamellia
984 2138 1115 2198 scilicet
1147 2141 1182 2198 in
1204 2160 1296 2201 mare
1334 2142 1462 2204 duabus
1500 2143 1671 2204 areticsime

414 2225 654 2292 coherentibus
691 2225 865 2283 instructa.
913 2219 1069 2280 Vibriaste
1091 2221 1219 2284 adsunt.
1271 2226 1512 2287 Antennarum
1551 2224 1672 2287 articuli
1771 2217 1772 2230 ¹

412 2313 540 2376 batales
561 2308 775 2378 brevissimi,
802 2305 946 2366 ultimus
970 2305 1116 2367 secundo
1142 2308 1329 2387 quadruplo
1357 2311 1411 2369 vel
1433 2311 1591 2387 sextuplo
1611 2310 1673 2368 lon·

413 2401 497 2478 glor,
521 2395 674 2466 linearia,
698 2390 1140 2467 apiceintutrotundatua.
1200 2395 1277 2453 Sata
1301 2392 1466 2473 elongata,
1497 2392 1672 2472 apicelou·
1733 2465 1735 2474 y

414 2500 456 2563 ga
479 2477 656 2560 capillaria.
702 2471 895 2538 scutellum
919 2474 1104 2534 cinereum.
1156 2475 1260 2538 Pedes
1281 2480 1382 2556 nigri.
1433 2478 1502 2541 Ala
1523 2477 1670 2558 hyalinat.

419 2655 466 2710 aa
523 2637 563 2708 T.
595 2633 783 2730 cutttpestrir
805 2622 1093 2718 subcylindrica
1122 2628 1330 2721 nigricans,
1362 2634 1590 2703 maculatim
1616 2629 1673 2702 mi·

532 2756 651 2823 cans3
697 2729 874 2800 antennis
916 2729 1122 2822 elongatis,
1152 2732 1386 2826 linearibus3
1435 2735 1566 2806 iroute
1595 2749 1672 2806 ante

528 2842 660 2909 ocutos
684 2832 746 2902 vix
769 2827 1004 2928 prominula.

542 2963 640 3030 Fam.
686 2967 727 3026 In
749 2965 868 3028 Saenia
890 2961 1267 3026 lecta-Pracadenti
1298 2967 1490 3040 simillima,
1533 2967 1671 3041 necnlrl

418 3060 589 3115 alrnclura
612 3051 734 3111 frontis
757 3065 817 3126 pro
840 3046 1026 3107 intentione
1049 3056 1276 3108 antennarum
1304 3069 1374 3110 non
1405 3053 1452 3111 ita
1485 3052 1587 3130 lange
1607 3071 1671 3129 pro·

415 3139 517 3200 ducta
543 3136 582 3196 ab
605 3153 642 3193 ea
671 3135 808 3194 diverte.
859 3130 994 3205 Species
1030 3129 1136 3207 igitur
1179 3131 1290 3203 dubia,
1336 3133 1495 3196 ulteriori
1534 3137 1671 3215 tegamini

415 3221 632 3298 aubjicienda.
682 3215 755 3280 Oba.
792 3213 974 3276 Indiuidua
1009 3212 1172 3292 pleraque
1202 3217 1243 3275 ed
1279 3215 1444 3278 Tachinam
1484 3226 1672 3301 campestrem

417 3315 455 3373 in
480 3314 551 3369 Act.
575 3303 691 3366 Holm.
715 3312 798 3370 1810
819 3299 1055 3372 adnumerata,
1084 3298 1126 3359 ed
1160 3299 1193 3364 T.
1222 3297 1462 3381 leucoceplralam
1491 3303 1670 3363 verisimili·

417 3408 473 3455 ter
496 3392 683 3471 pertinent.

423 3571 472 3643 ,¹5
526 3546 568 3617 T.
594 3543 771 3640 cylindrum
797 3537 906 3632 nigra
931 3535 1159 3607 maculatim
1185 3536 1528 3628 cinereo-micans3
1555 3539 1673 3610 vibria-

509 3648 561 3719 eie
585 3645 718 3721 nullia,
751 3657 1011 3711 antennarum
1038 3639 1203 3710 articulo
1226 3639 1366 3712 ultimo
1388 3639 1597 3736 elongatos
1622 3661 1672 3711 ae·

513 3763 555 3819 ta
580 3765 718 3828 crassa,
745 3741 1001 3813 breviuscula.

555 3872 690 3940 Trachina
714 3873 884 3958 cylindricu
907 3876 982 3940 Act.
1004 3873 1120 3936 Halm.
1142 3874 1199 3936 cit.

554 3996 646 4060 Mas
667 4007 700 4052 et
720 3989 816 4058 Fam.
861 3994 904 4055 In
932 3993 1127 4053 umbellatie
1152 3993 1273 4070 passim
1300 3992 1410 4066 obvie,
1433 4011 1548 4056 menae
1571 3995 1672 4072 dugu-

419 4099 471 4150 ato
492 4113 534 4129 -
555 4078 758 4161 Magnitudo
780 4077 822 4154 T.
837 4075 1098 4164 leucocephala.
1135 4076 1261 4160 corpur
1277 4077 1480 4160 oblongum
1503 4078 1672 4142 abdomina
