3788 4912
238 624 286 684 In
313 621 439 686 Seania
460 619 569 680 rarius
587 617 670 683 olim
692 623 833 684 inventa
853 639 872 682 a
893 621 934 684 D.
959 621 1045 682 Past.
1069 567 1096 685 i.
1122 623 1168 685 F.
1186 619 1415 686 Hlinemdder.

316 739 395 800 Mas
431 749 464 798 et
499 735 587 804 feu.
631 739 773 802 Bibioue
804 737 934 818 plebeia
957 751 990 798 et
1012 739 1115 802 latior
1138 754 1171 801 et
1195 740 1371 804 robustior.
1399 746 1481 806 Cor·

179 847 246 907 pus
266 829 414 904 nigrum
436 835 471 884 et
491 819 750 900 nigro-hirtum,
780 827 927 902 exceptis
951 825 1061 885 fasciis
1081 825 1267 888 abdominis
1288 828 1479 902 albissimis,
1505 899 1514 909 Ι

180 931 269 990 quae
292 930 312 970 e
334 909 416 986 pilis
448 925 472 968 s.
497 909 678 986 squamulis
714 920 868 970 constant
895 923 928 970 et
969 911 1160 988 saepissime
1183 913 1407 988 divelluntur,
1432 916 1480 975 ita
1567 971 1569 987 ,

178 1009 223 1056 ut
243 1008 375 1074 puncta
399 991 556 1054 lateralia
576 995 632 1054 vix
654 1005 822 1056 maneant.
872 993 964 1054 Anus
987 995 1080 1057 fulvo
1104 995 1271 1058 hirsutus:
1309 999 1482 1060 fasciculis

182 1079 316 1142 duobus
338 1075 438 1138 albis.
488 1077 593 1138 Pedes
612 1081 711 1158 nigri.
736 1078 818 1140 Alae
841 1072 1018 1140 abdomine
1041 1067 1144 1159 duplo
1168 1082 1348 1160 longiores,
1369 1079 1479 1144 'maxi-

182 1185 241 1226 ma
262 1185 306 1223 ex
327 1174 428 1241 parte
450 1163 589 1240 nigrae3
626 1167 779 1244 margine
803 1175 918 1226 tamen
939 1164 1096 1226 interiori
1133 1178 1167 1226 et
1201 1167 1388 1246 epicenon
1411 1169 1479 1230 late

180 1248 361 1329 hyalinae.
409 1245 514 1310 Clasa
537 1241 708 1310 halterum
741 1249 846 1330 nigra.

323 1367 350 1426 Α
391 1365 533 1442 reliquis
557 1368 680 1427 nostris
716 1363 886 1444 speciebus
922 1385 1000 1428 mor
1044 1368 1284 1446 distinguitur:
1322 1371 1488 1448 nervulo,

188 1469 293 1532 prope
316 1451 509 1530 marginem
528 1451 629 1529 apicis
652 1450 724 1510 alae
748 1451 936 1527 incurvato,
959 1434 1138 1532 digredine
1161 1455 1283 1514 cincto.

207 1637 244 1692 ι.
286 1625 323 1692 a.
361 1619 523 1692 morio
564 1618 677 1714 niger
699 1619 843 1710 hirtus,
888 1621 989 1694 collo
1016 1620 1254 1717 regioneque
1283 1621 1487 1696 halterum
1534 1695 1537 1708 ,

314 1721 601 1815 fulvo-pilosis3
647 1722 717 1791 alis
756 1722 1106 1818 dimidiato-nigris.

317 1857 412 1934 Meig
445 1855 539 1934 Dipt.
566 1873 592 1915 1.
617 1873 687 1917 soe.
710 1855 741 1916 6.
774 1855 873 1922 Pauz.
903 1855 965 1918 Fu.
991 1855 1106 1916 Germ.
1127 1873 1177 1934 δι.
1211 1863 1258 1925 18.
1306 1855 1360 1938 (A.
1385 1853 1486 1914 afer

191 1939 288 2003 fabr.
304 1940 407 2002 'Aust
438 1958 497 2000 ιιι
524 1937 620 2016 15.?)

276 2027 322 2087 In
344 2023 478 2104 pascuis
500 2024 650 2098 scaniae,
678 2042 796 2112 mense
819 2024 932 2098 Juuio,
946 2025 983 2084 in
1005 2023 1117 2102 aprico
1142 2021 1220 2082 solis
1240 2021 1398 2082 volitans.

325 2137 401 2200 Mas
431 2150 466 2199 et
496 2137 582 2200 uzu.
632 2139 834 2218 Magnitudo
869 2142 908 2202 A.
940 2141 1077 2202 sinuati.
1124 2141 1252 2218 Corpus
1286 2142 1424 2218 nigrum
1446 2145 1481 2198 et

189 2221 451 2304 nigro-hirtum,
483 2228 631 2302 exceptis
651 2225 730 2303 pilis
752 2228 789 2286 in
812 2225 901 2288 collo
937 2236 971 2283 et
1006 2224 1066 2285 sub
1100 2223 1168 2284 basi
1192 2226 1323 2284 alarum
1364 2223 1477 2302 fulvis.

188 2311 351 2373 Halteres
374 2307 454 2370 albi.
502 2307 585 2370 Alae
608 2311 712 2388 m‘agis
730 2323 879 2372 saturata
900 2309 1031 2386 nigrae,
1068 2325 1166 2386 quam
1197 2310 1233 2370 in
1254 2310 1364 2387 specie
1384 2322 1481 2386 prae-

187 2395 356 2465 cedente3
385 2393 479 2471 apice
503 2411 633 2472 quoque
655 2395 759 2474 magis
782 2393 850 2456 late
872 2391 1050 2473 hyalinae:
1091 2395 1206 2454 nervis
1240 2393 1395 2454 omnibns
1416 2389 1481 2460 ibi-

190 2481 268 2544 dem
285 2477 524 2540 immaculatis.
568 2477 742 2543 Incisurae
777 2481 814 2540 in
842 2481 970 2540 insecto
998 2479 1073 2538 vivo
1098 2477 1322 2556 ferrugineae.
1356 2493 1359 2500 ·

230 2674 236 2692 υ
293 2599 325 2722 Ας
351 2593 568 2661 Belzebul
593 2599 691 2661 Pana.
715 2611 767 2676 45.
786 2607 810 2655 t.
838 2595 886 2656 ιθ.
913 2607 946 2656 et
967 2595 1070 2676 Meig.
1094 2597 1189 2676 Dipt.
1224 2595 1281 2656 vir
1302 2592 1403 2670 hujus
1426 2609 1481 2653 ra·
1572 2553 1582 2563 .

208 2692 321 2742 aretas.

188 2873 227 2944 5.
270 2857 316 2926 Α.
343 2871 548 2920 maurus
587 2849 700 2944 niger
725 2845 866 2933 hirtus,
903 2843 1071 2944 thoracis
1108 2847 1214 2921 linea
1239 2847 1392 2921 laterali
1419 2845 1483 2916 ab·

303 2952 552 3043 dominisque
577 2954 770 3045 segmenti
795 2951 913 3043 primi
950 2955 979 3020 a
1014 2952 1123 3022 tertii
1147 2953 1256 3045 apice
1284 2949 1483 3040 albo-pilo·

298 3057 379 3144 sis3
428 3047 497 3122 'alis
545 3051 696 3148 nigrist
750 3055 928 3180 margine
979 3053 1158 3126 interiori
1200 3053 1483 3147 hyalino-bisi·

297 3171 435 3235 nuato.
662 3177 666 3186 '
956 3187 960 3194 ’
1180 3182 1183 3190 ·

313 3288 416 3352 Fabr.
444 3276 535 3350 snit.
561 3303 629 3346 ιιι.
657 3303 704 3366 ιι.
743 3283 821 3346 Eut.
860 3295 937 3364 syst.
971 3299 1001 3360 4.
1028 3295 1098 3360 258.
1145 3287 1241 3347 Pana.
1277 3285 1338 3348 Fu.
1362 3285 1478 3347 Germ.

174 3401 231 3460 52.
257 3391 286 3438 t.
316 3393 368 3453 19.
414 3374 452 3434 Α.
484 3369 750 3430 bitasciatus
773 3369 876 3447 Meig.
902 3370 1086 3448 Diptaoq.
1123 3387 1152 3428 a.
1176 3371 1328 3432 Musca
1364 3387 1484 3440 maura

171 3469 285 3530 Linn.
312 3461 379 3522 Fn.
408 3453 801 3534 1785.·Nemotelus
834 3452 1270 3520 maurusDeGeerlns.
1296 3455 1324 3516 6.
1360 3469 1428 3531 191.
1453 3465 1480 3517 t.

175 3571 228 3612 ιι.
253 3549 280 3609 f.
309 3565 364 3609 ιι.

337 3655 485 3728 Habitat
505 3660 542 3719 iu
564 3659 680 3724 Svecia
701 3658 834 3735 passim,
849 3655 887 3714 in
909 3655 1026 3718 Scania
1047 3653 1137 3714 haud
1160 3654 1329 3734 frequens.

305 3779 392 3842 Mus
415 3788 449 3836 et
468 3775 553 3837 Fau.
599 3778 728 3854 Corpus
753 3777 891 3854 nigrum
913 3786 952 3834 et.
968 3771 1226 3852 nigro-hirtum,
1248 3785 1386 3851 excepta
1409 3768 1478 3830 hir-

165 3875 262 3936 sutie
289 3861 425 3930 collari
445 3861 661 3940 flavescente,
679 3873 716 3920 ut
736 3873 770 3922 et
791 3861 962 3922 linearum
976 3855 1122 3936 thoracis
1144 3853 1341 3919 lateralium
1362 3855 1477 3915 fascia-

161 3973 324 4037 rumque
350 3946 543 4011 abdominis
561 3947 643 4010 alba
671 3947 743 4010 Hae
767 3959 881 4010 autem
903 3944 1025 4006 fasciae
1048 3955 1206 4006 contactu
1229 3947 1295 4004 cito
1310 3950 1480 4021 percunt3
1552 3980 1556 3986 ,

1407 4039 1480 4085 ma·

218 4145 321 4206 k,
