3582 4892
614 425 762 551 40',

401 647 452 758 Β.
504 649 557 722 Μ
587 645 704 720 lineata
736 637 937 738 nigricans,
978 637 1317 727 cinereo-micans,
1367 645 1524 721 thoracis
1553 645 1646 732 itte
1776 741 1777 744 Ἴ

526 750 717 840 minisque
748 745 858 817 lineis
888 744 1031 836 triplici
1067 753 1165 819 serie
1201 750 1386 843 dispositis
1419 751 1648 848 nigrioribut3

526 853 703 922 antennis
727 870 874 940 anoque
902 849 1033 942 nigris,

548 983 597 1048 M.
619 983 735 1046 lineata
758 985 827 1043 Act.
855 981 970 1044 Helm.
994 983 1052 1044 cit.

541 1099 643 1168 Mas.
696 1083 899 1166 Prscedenti
923 1099 1052 1172 similis,
1090 1110 1125 1159 at
1156 1091 1289 1162 minor}
1327 1103 1458 1180 pictura
1486 1075 1650 1170 abdominia

412 1183 598 1247 trilineata.
644 1188 750 1248 Frons
788 1185 1018 1245 albo-micans.
1072 1184 1214 1247 Alarum
1244 1203 1365 1246 nervus
1405 1199 1540 1264 quartus
1578 1191 1653 1256 infra

409 1271 576 1347 angulum
606 1274 711 1348 magis
749 1270 909 1330 distincte
945 1270 1170 1332 continuatus.
1218 1267 1267 1329 Ab
1303 1271 1484 1332 individuis
1519 1279 1653 1354 pygmaia

408 1351 531 1419 Musca
557 1355 712 1417 carnaria
749 1356 802 1414 vix
826 1353 941 1415 differt
963 1355 1029 1412 nisi
1053 1356 1183 1432 pictura
1206 1353 1391 1415 abdominis
1414 1375 1481 1414 non
1505 1359 1654 1434 maculata

411 1439 470 1496 sed
492 1439 629 1500 lineata.
674 1444 726 1498 An
749 1439 882 1518 Species
906 1437 1092 1499 distincta?
1113 1474 1154 1492 .-
1176 1441 1219 1502 In
1242 1437 1342 1500 horto
1367 1441 1558 1524 Benkaskog
1572 1443 1656 1515 Scau,

410 1539 528 1583 mense
549 1522 642 1583 Julio
666 1523 769 1589 lecta.

542 1603 641 1672 ch.

419 1775 454 1850 6.
509 1779 563 1848 Μ.
589 1776 725 1848 obsoleta
753 1737 878 1872 grisea
902 1774 1062 1868 thoracis
1093 1773 1205 1874 lineis
1227 1774 1519 1870 abdominisque
1547 1782 1658 1879 strigis

519 1878 635 1946 fuscis
661 1878 951 1954 obsoletissimis.

539 2007 654 2073 Musca
674 2009 817 2098 obsoleta¹
835 2015 906 2074 Act.
929 2010 1046 2073 Halm.
1070 2014 1127 2074 cit.

551 2125 644 2190 Mas
675 2140 710 2190 et
746 2127 849 2192 Fam.
894 2129 1037 2192 Habitat
1073 2133 1109 2190 in
1148 2129 1265 2189 Scania
1307 2140 1341 2188 et
1381 2131 1417 2191 in
1461 2129 1661 2196 Gothlandia

413 2223 529 2271 mense
552 2213 655 2278 Julio.
687 2245 730 2264 -
759 2215 887 2291 Corpus
919 2218 1109 2292 grisescens,
1134 2211 1183 2274 Μ.
1205 2212 1371 2276 detrustica
1400 2217 1521 2276 minus.
1568 2219 1662 2280 Frons

412 2313 532 2376 parum
566 2299 775 2374 prominens,
814 2297 946 2358 sordide
981 2299 1209 2359 albo-micans.
1255 2304 1417 2362 antennas
1451 2301 1571 2380 nigra:
1606 2317 1665 2364 seta

413 2377 629 2458 pubescente.
678 2379 779 2442 Oculi
804 2383 839 2440 in
865 2402 956 2442 mare
979 2395 1026 2442 sat
1050 2383 1285 2460 approximeri,
1318 2381 1407 2442 linea
1431 2385 1528 2462 nigra
1551 2387 1665 2462 disjun-

415 2465 474 2525 cti.
510 2465 630 2529 ¹Linesr
649 2463 798 2526 thoracis
822 2466 1034 2544 irregulares,
1062 2469 1118 2525 vix
1143 2463 1241 2535 ullau3
1274 2469 1370 2537 stria,
1398 2487 1457 2528 seu
1477 2483 1601 2544 puncta
1620 2471 1666 2532 ab·

415 2547 565 2608 dominis
587 2553 792 2629 interrupta,
834 2551 875 2610 ad
903 2562 1035 2610 certum
1056 2549 1195 2610 luminis
1217 2551 1332 2622 eitum,
1369 2551 1405 2612 in
1429 2553 1568 2631 triplice
1589 2559 1665 2617 seris

414 2635 606 2714 conspicua,
632 2636 736 2700 tusca.
782 2634 888 2696 Pedes
912 2645 948 2695 et
969 2634 1030 2695 ales
1052 2645 1091 2695 ut
1112 2637 1148 2696 in
1169 2633 1386 2712 precedente.

419 2847 456 2915 7.
506 2833 561 2904 M.
590 2834 746 2926 latffrons
782 2831 1027 2910 cineraceam,
1064 2830 1227 2902 thoracis
1263 2829 1361 2902 striis
1386 2830 1667 2928 abdominisqus

517 2937 668 3025 punctis
694 2934 831 3024 triplici
856 2935 953 3005 sarie
977 2933 1158 3006 distinctis
1188 2933 1325 3026 nigris,
1362 2934 1478 3004 oculis
1507 2937 1548 3010 in
1574 2959 1666 3012 mare

439 3135 444 3148 .
515 3036 594 3108 lats
626 3035 857 3108 distantibus.

540 3188 655 3254 Musca
676 3189 825 3275 latisrons
853 3190 924 3250 Act.
948 3183 1062 3248 Holm.
1088 3188 1144 3252 eit.

451 3337 456 3346 '
530 3326 662 3391 'Man‘
694 3327 791 3386 Inter
821 3331 970 3388 minores
1002 3323 1102 3401 hujus
1133 3324 1267 3404 generis
1289 3327 1520 3401 numerandas
1558 3345 1666 3410 precs·

416 3515 549 3576 quoqua
569 3497 673 3572 magis
686 3492 888 3572 'prominula
910 3498 1081 3572 magisque
1105 3491 1262 3573 albicans.
1301 3493 1429 3572 Corpus
1449 3495 1666 3579 subcylindri·

415 3412 514 3476 denti
535 3425 585 3472 sat
607 3409 740 3482 similis,
762 3415 896 3486 punctis
918 3410 1105 3472 abdominis
1126 3407 1536 3514 distinctionibusnotats.
1570 3409 1668 3478 Frons
1782 3423 1783 3438 ³

415 3599 506 3655 cum,
536 3578 684 3640 thoracis
708 3581 800 3639 striis
823 3579 994 3650 obsoletis,
1028 3577 1214 3638 abdominis
1235 3581 1371 3654 punctis
1393 3577 1665 3662 subtsiangulari·
1781 3599 1783 3664 ξ

414 3665 478 3725 bus
501 3683 623 3728 novem
647 3663 763 3740 nigris,
800 3663 987 3741 intriplici
1011 3663 1098 3724 serie
1122 3663 1298 3738 dispositis.
1348 3661 1449 3724 Oculi
1473 3670 1577 3746 magis
1600 3685 1666 3728 are
1782 3665 1783 3676 ¹

414 3748 564 3814 invicem
587 3748 725 3819 distant,
752 3764 852 3824 quarn
876 3751 912 3807 in
937 3764 1134 3824 quacunque
1155 3746 1222 3806 alia
1243 3750 1353 3824 specie
1372 3745 1535 3812 hactenus
1556 3752 1667 3812 descri-

415 3844 483 3914 pta.
531 3833 610 3894 Sata
637 3843 863 3890 antennarum
894 3831 1087 3909 pubescens.
1133 3830 1238 3891 Pedes
1269 3844 1303 3891 et
1331 3831 1387 3894 alc
1417 3831 1456 3893 ut'
1481 3835 1516 3894 in
1542 3849 1666 3898 anteea-

417 3917 584 3990 dentibus,
611 3949 653 3961 -
685 3913 792 3975 Valde
817 3916 927 3975 affinis
950 3916 1086 3974 videtur
1114 3926 1147 3973 et
1176 3915 1301 3975 Muecoe
1329 3915 1449 3992 rurali,
1487 3929 1519 3978 et
1556 3923 1666 3983 Musca

327 4057 329 4064 .
419 4000 579 4062 obsoleta.
602 4001 771 4061 Distantia
784 4009 896 4059 autem
909 3999 1085 4060 oculorum
1106 3998 1251 4057 aliamet
1270 4001 1434 4062 diversam
1458 4001 1585 4066 indicat
1600 4021 1664 4084 sps·

421 4087 507 4146 ciem
527 4079 732 4152 ,Wbrs'scaet
744 4082 852 4150 iubae
874 4097 909 4147 et
921 4087 957 4148 iu
976 4082 1255 4148 antecedentibus
1269 4082 1442 4168 speciebus
1453 4103 1523 4154 aaa
1534 4089 1659 4156 adsunt.
