3788 4912
676 373 729 460 ¹4

473 571 695 652 simplicibus.
740 547 817 630 lluo
852 573 988 629 tantum
1009 567 1130 630 adsunt
1162 556 1301 632 nerruli
1337 551 1531 648 transversi,
1566 567 1648 637 alter
1667 583 1744 643 ante,

473 661 561 722 aiter
584 675 672 742 pone
691 653 853 742 inedium
867 646 960 718 disci.
1480 669 1486 676 ·

473 862 477 872 ’
602 857 696 924 obs.
742 857 939 936 Synonyma
979 853 1078 915 Fara.
1101 865 1142 913 et.
1174 853 1285 920 Mero.
1312 853 1422 920 dubia.
1467 857 1603 920 Etenim
1622 868 1749 918 structu·

473 961 548 1006 rom
574 943 725 1021 partium
745 943 1065 1018 proportionemque
1088 954 1157 998 non
1179 953 1444 1003 commemorant
1470 943 1638 1014 ductores.
1670 942 1750 1002 Cras·

473 1029 590 1092 sitiens
623 1025 787 1101 majorem
826 1025 994 1082 femorum
1018 1023 1302 1086 intermediosuns
1336 1031 1397 1105 pr'o
1434 1025 1570 1088 Genese
1605 1023 1748 1106 Tacbp

470 1111 655 1172 drolnia
686 1109 841 1169 assumsit
865 1106 915 1166 ct
943 1107 1108 1177 Meropus
1142 1119 1176 1170 at
1213 1107 1341 1183 femora
1372 1112 1484 1170 antica
1520 1114 1554 1170 in
1574 1109 1634 1172 bac
1655 1101 1753 1170 nostr-‘a
1795 1099 1799 1113 ‘

470 1197 583 1272 specie
606 1203 640 1252 et
666 1191 879 1254 inaffinibns
904 1192 1105 1252 crassissima
1127 1204 1214 1252 sunt.
1253 1229 1295 1242 -
1341 1195 1535 1274 Descriptio
1560 1209 1668 1256 eutem
1690 1193 1748 1255 Cel.

469 1279 569 1342 Liras.
592 1295 670 1338 cum
697 1290 811 1338 nostra
835 1277 1015 1346 convenit;
1050 1293 1131 1340 nam
1154 1277 1274 1336 fasciae
1297 1277 1427 1338 alarum
1445 1292 1513 1340 tres
1535 1280 1636 1354 albae,
1660 1280 1754 1358 prima

397 1376 400 1386 ⁴
470 1364 508 1423 in
531 1361 612 1434 basi,
651 1363 798 1424 secunda
834 1363 871 1421 in
892 1360 1017 1434 medio,
1057 1361 1161 1420 tertia
1199 1363 1237 1422 in
1257 1364 1352 1439 apice
1375 1361 1447 1423 alae
1467 1364 1600 1425 adsunt.
1644 1362 1753 1424 Albedo

471 1457 587 1508 autern
610 1456 660 1506 est
683 1447 776 1507 color
803 1439 936 1505 alarum
958 1445 1137 1522 genuinus,
1170 1445 1313 1524 ideoque
1353 1447 1568 1526 nigredinem
1590 1449 1641 1508 uti
1660 1449 1754 1528 pictu-
1798 1499 1799 1504 ,

469 1551 546 1594 rem
577 1531 753 1592 fasciatum
788 1533 824 1590 in
853 1531 1006 1606 diognosi
1045 1539 1161 1589 nostra
1183 1528 1258 1606 jure
1280 1532 1471 1610 meritoque
1494 1535 1704 1611 respeximus.
1722 1563 1755 1576 -

473 1615 739 1680 Calobatam
773 1625 1070 1692 arrogantem
1112 1611 1209 1686 Faba.
1248 1613 1437 1696 AntLod3.
1464 1617 1503 1680 16
1539 1618 1637 1698 longe
1677 1613 1755 1678 aliud
1790 1686 1794 1697 Ι

472 1717 545 1760 esse
567 1701 744 1772 insectum,
766 1697 868 1758 facile
889 1709 940 1757 est
968 1695 1160 1758 intellectu.
1344 1729 1347 1738 ι
1409 1731 1414 1738 -

475 1972 535 2048 19.
568 1945 632 2026 Τ.Ι
661 1949 986 2042 suscipennis
1025 1951 1149 2046 nigra,
1188 1947 1351 2041 pedibus
1377 1953 1583 2038 testaceis;
1627 1937 1757 2025 olisai·

478 2081 483 2090 ·
587 2052 828 2149 gricantibus
863 2053 976 2146 apice
1007 2052 1307 2144 albo-hyaliois.

610 2215 687 2282 Mas
723 2230 758 2279 et
791 2217 879 2280 Fan.
917 2215 956 2275 in
976 2217 1107 2280 truncis
1130 2218 1289 2282 arborum
1311 2221 1451 2283 Seaniae
1473 2223 1523 2280 sat
1542 2213 1700 2300 frequens
1716 2237 1758 2280 ar·
1818 2207 1821 2248 l

471 2316 635 2386 rogantar
656 2305 809 2367 cursitat.
858 2300 973 2361 Facies
1005 2304 1258 2379 praecedentis,
1291 2315 1326 2364 at
1364 2315 1493 2364 statura
1513 2304 1631 2381 paullo
1654 2305 1756 2380 major.
1821 2316 1822 2352 l

472 2393 586 2468 Caput
608 2389 841 2458 rotundatum,
864 2385 1020 2462 nigrum:
1060 2386 1168 2464 palpis
1194 2387 1400 2465 lineolisque
1418 2387 1543 2448 duabus
1566 2391 1700 2451 verticis
1720 2387 1759 2448 al·
1822 2426 1823 2468 ,

396 2545 400 2554 ‚
471 2473 639 2542 bissimisa
679 2473 837 2532 antennis
861 2467 999 2556 luteisst
1020 2480 1091 2529 seta
1126 2470 1290 2549 elongata.
1340 2473 1470 2550 Corpus
1491 2471 1639 2536 nudum:
1675 2471 1760 2536 abdo·

457 2562 568 2622 ,mine
590 2556 739 2618 feminae
761 2554 980 2634 pallescente.
1027 2554 1132 2614 Pedes
1168 2554 1396 2618 lutescentes:
1436 2555 1621 2618 femoribus
1653 2557 1759 2618 antitis

472 2641 783 2708 ceterisdistincte
814 2633 1049 2700 crassioribus:
1102 2638 1248 2700 articulo
1283 2658 1382 2702 corae
1412 2639 1588 2703 mediocri.
1635 2639 1762 2702 Femora

452 2727 601 2810 'postica
622 2723 800 2800 simplicia,
821 2723 1000 2786 infuscata,
1023 2718 1186 2782 tibiarum
1207 2724 1302 2801 apice
1325 2725 1488 2800 sessioque
1521 2725 1694 2786 interdum
1713 2725 1761 2784 ob-

472 2813 593 2882 scuris.
642 2808 723 2868 Alae
744 2807 924 2868 abdomine
946 2801 1060 2880 paullo
1086 2805 1267 2879 longiores,
1289 2808 1508 2886 nigricantes,
1533 2807 1656 2871 basiet
1679 2812 1760 2888 apice

474 2897 581 2958 albae.
631 2893 736 2954 Nervi
765 2891 897 2951 alarum
919 2885 1100 2965 simplices,
1125 2903 1159 2948 es
1174 2890 1246 2952 fere
1260 2901 1299 2952 ut
1326 2893 1364 2952 in
1386 2891 1427 2956 T.
1449 2891 1618 2973 flaripede
1639 2894 1759 2958 directi.

474 2982 608 3045 Nessus
630 2973 776 3036 interior
805 2969 1003 3054 marginalis
1042 2971 1170 3035 nullus.

471 3219 544 3312 20ss
567 3221 614 3305 Τ.
657 3244 957 3304 truncorum
989 3227 1113 3320 nigro,
1139 3223 1303 3320 pedibus
1328 3228 1676 3320 fusco-testaceis5
1700 3231 1762 3304 alis

611 3329 977 3418 brunnescentibus,
1021 3331 1295 3403 immaculatis.

590 3485 680 3560 xMas
715 3506 751 3557 et
786 3495 875 3558 Fen.
921 3495 1242 3573 cumpraecedeate
1262 3493 1352 3558 haud
1384 3511 1460 3556 raro
1479 3487 1677 3576 arroganter
1698 3517 1758 3560 am·

476 3583 612 3657 bulans,
636 3581 778 3641 forsitan
804 3581 897 3641 inter
919 3579 1045 3659 species
1068 3581 1206 3642 sveciae
1226 3581 1385 3651 marimo,
1403 3591 1438 3640 et
1459 3577 1503 3640 T„
1518 3581 1681 3661 llavipesle
1697 3601 1758 3642 sae-

474 3685 520 3750 pe
542 3664 646 3744 duplo
667 3661 781 3738 major.
809 3663 937 3744 -Caput
958 3663 1180 3726 rotundatum
1199 3667 1327 3728 vertice
1349 3661 1446 3741 gibbo
1470 3675 1599 3726 atrum:
1649 3680 1758 3726 anten-

471 3755 527 3818 nis
551 3763 585 3811 et
611 3765 669 3810 ore
691 3747 839 3825 pallidis.
888 3747 984 3825 Palpi
1007 3750 1101 3823 apice
1123 3750 1234 3826 pilosi,
1282 3745 1420 3810 Thorax
1453 3745 1625 3825 obscurus,
1648 3767 1758 3828 paruos

474 3838 700 3919 eipesascens,
721 3833 883 3908 utrinque
904 3831 980 3896 lobo
1003 3831 1165 3894 distincto
1185 3833 1366 3914 praeditus.
1387 3829 1560 3894 Abdomen
1585 3837 1755 3914 nigricans,

472 3919 545 3988 basi
565 3915 742 4009 interdum
771 3915 893 4006 livens
928 3915 1044 3986 -l'edes
1079 3915 1293 4011 subtsstacsi,
1336 3916 1479 3984 remora
1499 3919 1612 3988 antica
1630 3917 1755 4014 crassis·

530 4029 534 4038 ·
1662 4017 1756 4066 suos:
