3614 4884
585 482 614 565 8

407 761 410 768 Δ
460 743 468 764 ,
523 686 641 774 Corpus
678 688 902 772 cylindricum‚
924 693 955 752 in
984 694 1157 760 individuis
1180 689 1354 780 majoribus
1380 698 1560 756 incurvum:
1588 692 1649 754 tho·

388 793 459 838 raee
480 771 712 856 abdomineque
738 775 787 834 vel
810 776 885 834 totis
918 777 969 837 vel
992 798 1029 838 ex
1051 789 1141 860 parte
1164 777 1401 842 aenescentibus.
1441 777 1587 841 Antenna
1605 796 1650 844 sa·

390 861 461 940 pius
482 855 612 916 breves:
650 855 789 917 articulo
811 855 926 918 ultimo
951 857 1084 939 reliquis
1102 857 1253 936 breviori,
1276 857 1317 920 ud
1334 859 1425 921 basin
1448 859 1587 934 dilatato,
1600 860 1653 938 api·

389 959 425 999 ee
448 937 627 1012 subacuto;
656 948 722 997 seta
747 938 836 1000 tenui
876 938 1068 1020 geniculata.
1113 939 1200 1007 ocuti
1234 941 1376 1020 oblongi,
1409 941 1495 1002 infra
1525 950 1656 1000 antennas

389 1022 423 1082 in
447 1016 600 1087 Masculis,
620 1018 784 1081 interdum
809 1030 897 1082 arcte
919 1019 1124 1095 coherentes,
1155 1027 1188 1085 in
1210 1024 1335 1085 leminis
1357 1035 1466 1082 alitem
1491 1019 1596 1104 paullo
1617 1021 1657 1082 di·

390 1110 518 1166 stantes.
564 1098 607 1164 Os
634 1120 763 1184 quoque
785 1103 818 1161 in
838 1103 962 1164 feminis
989 1105 1090 1184 magis
1126 1115 1312 1188 porrectum
1348 1103 1453 1180 (infra
1492 1099 1595 1168 oeulos
1614 1104 1659 1162 de·

391 1182 552 1259 scendeus)
610 1205 683 1244 uam
707 1184 739 1242 in
760 1183 912 1244 maribus.
959 1183 1077 1248 Vertex
1100 1181 1135 1248 dc
1158 1188 1239 1252 tibia
1260 1185 1352 1268 palde
1377 1191 1394 1248 s‘
1417 1181 1550 1248 iaulosa.
1579 1185 1661 1246 Geni·

390 1263 468 1324 talia
490 1205 631 1326 massilia
649 1266 727 1326 mire
760 1269 946 1346 composita,
980 1268 1040 1348 sub
1069 1291 1130 1331 ano
1160 1271 1286 1352 longius
1308 1278 1365 1328 aut
1391 1207 1521 1329 brevius
1553 1266 1661 1340 inllesa,

392 1348 532 1426 squamis
554 1343 679 1408 duabus
697 1347 824 1422 cidaris,
850 1348 907 1417 vel
922 1349 1003 1410 olbis
1027 1351 1075 1414 vel
1106 1354 1214 1432 nigris,
1238 1349 1401 1412 interdum
1424 1359 1535 1412 autem
1554 1369 1662 1431 appen-

392 1428 516 1490 dicibus
553 1425 758 1490 silisormihus
791 1431 972 1492 terminata.
1017 1431 1116 1496 Pedes
1158 1433 1307 1512 elongati,
1341 1432 1434 1494 tarsis
1469 1433 1604 1494 marium
1624 1427 1664 1487 rel

392 1509 544 1590 plumatis
566 1510 616 1568 vel
643 1508 849 1591 simplicibus.
896 1511 1039 1575 Directio
1080 1535 1252 1575 nervorum
1296 1515 1328 1573 in
1358 1513 1416 1572 alis
1441 1513 1665 1598 aliquantulum

392 1589 561 1674 discrepat.
607 1592 680 1652 Haec
706 1611 836 1671 quoque
860 1595 1087 1658 dissimilitudo
1113 1598 1144 1656 in
1169 1596 1318 1678 pluribus
1345 1597 1512 1676 speciebus
1534 1594 1666 1657 observa·

393 1685 436 1748 ta,
466 1676 506 1735 ad
533 1673 664 1733 feminas
689 1693 761 1736 cum
800 1676 943 1736 maribus
982 1679 1121 1760 ejusdem
1157 1681 1272 1759 speciei
1303 1679 1552 1760 conjungendas,
1578 1673 1666 1734 multo

393 1759 552 1817 conducit.
577 1791 618 1808 -
662 1753 777 1818 Larnoe
798 1755 943 1836 plurium
967 1761 1142 1841 specierum
1165 1758 1381 1820 verisimiliter
1415 1761 1446 1818 in
1490 1761 1583 1840 aquis
1603 1775 1666 1814 rer·

395 1849 514 1920 santur.
559 1838 720 1918 Imagines
742 1859 870 1918 quoque
896 1843 935 1900 ad
957 1862 1065 1919 aqrtas,
1081 1843 1112 1900 in
1136 1842 1236 1922 pratis
1259 1842 1408 1916 humidis,
1432 1843 1547 1922 sepius
1567 1858 1668 1900 occur·

396 1931 482 1982 reiut.
526 1922 804 1999 Vnriaeprreterea
825 1922 856 1979 in
880 1923 1051 1982 fruticibus
1088 1921 1302 2002 hospitantur.
1349 1923 1423 1984 illas
1446 1925 1577 2004 nuptias
1596 1917 1669 1980 cele·

395 2003 468 2061 tuni
493 2003 656 2064 volitando
678 2021 775 2080 supra
796 1999 957 2079 seminum,
980 2005 1071 2083 qumi
1090 2008 1123 2064 in
1144 2007 1217 2062 u‘e‘re
1241 2004 1409 2085 pendulus.
1433 2001 1483 2054 -‘
1498 2003 1621 2087 Species
1644 2002 1670 2058 in

395 2086 473 2144 duas
496 2085 616 2144 abeunt
652 2083 822 2157 sectiones,
853 2106 990 2162 quarum
1029 2109 1104 2146 rema
1142 2090 1283 2146 continet
1316 2093 1513 2149 attestenles:
1550 2085 1670 2144 thorace

394 2165 631 2246 abdomiaequo
654 2163 729 2222 totis
750 2167 1032 2226 teneo-viridibus:
1077 2171 1146 2230 ardre
1167 2171 1309 2228 continet
1325 2169 1546 2249 pallescentem
1569 2184 1673 2244 eorpo-

395 2267 429 2308 re
453 2271 489 2310 ex
514 2252 652 2308 maxima
674 2257 766 2324 purte
789 2247 927 2324 pallido..
965 2249 1123 2312 Genitalis
1146 2249 1287 2310 Mascula
1310 2250 1406 2329 liujus
1428 2251 1586 2312 Sectionis
1600 2265 1673 2302 sem·

396 2352 453 2430 per
475 2331 636 2402 breviora,
651 2330 702 2386 vix
716 2339 892 2405 squamata.
915 2367 953 2380 -
976 2333 1057 2390 Dein
1084 2345 1191 2392 utitem
1216 2334 1256 2392 nd
1278 2335 1486 2396 directionem
1511 2346 1673 2390 nervorum

394 2435 427 2474 m
451 2416 509 2474 alis
532 2414 674 2472 altimum
718 2411 863 2468 attendas
897 2435 1020 2475 neeesse
1054 2425 1110 2475 est.
1157 2415 1314 2473 Ner-vuius
1347 2417 1430 2474 enim
1463 2421 1587 2474 transv.
1615 2407 1674 2472 ord·

329 2533 338 2544 -
396 2496 446 2554 vel
470 2495 581 2577 paullo
603 2515 686 2573 pone
707 2492 857 2559 medium,
885 2495 934 2554 vel
961 2498 991 2554 in
1024 2499 1092 2576 ipso
1115 2496 1219 2558 medio
1239 2497 1315 2556 tlisei
1346 2495 1488 2572 ducitur,
1520 2509 1676 2572 nunquam

399 2600 499 2661 prope
533 2579 574 2638 ad
596 2577 775 2654 marginem
812 2583 861 2652 (ut
883 2579 915 2635 iu
937 2580 1157 2658 llrnaornoan)
1193 2581 1387 2638 interiorem.
1434 2581 1560 2638 Nervus
1581 2584 1676 2636 costa·

399 2659 437 2718 lis
459 2660 506 2718 vel
532 2655 642 2738 paullo
672 2666 745 2714 ante
779 2679 937 2718 summurn
971 2661 1027 2720 atae
1055 2666 1175 2740 apicem
1210 2660 1259 2718 vel
1292 2663 1322 2718 in
1347 2662 1417 2741 ipso
1444 2661 1536 2740 apice
1560 2659 1675 2724 desinit,

399 2765 471 2802 cum
499 2759 598 2797 nervo
619 2747 734 2818 quarto
759 2738 984 2818 lungitudinuli
1013 2762 1180 2804 connexus.
1226 2743 1392 2802 Praeterea.
1405 2743 1528 2800 Nervus
1551 2748 1676 2819 quartus

399 2844 484 2904 pone
504 2839 637 2880 nervum
658 2833 777 2880 unosv.
800 2823 849 2880 vel
875 2825 1049 2901 angulatim
1071 2827 1120 2886 vel
1147 2827 1304 2886 curvatim
1329 2835 1376 2883 est
1400 2819 1676 2902 geuierrlatus,“r·el
1781 2893 1782 2902 ἦ

401 2907 522 2984 absque
546 2911 719 2962 curvatura
740 2902 929 2965 evidentiori
951 2909 1047 2988 magis
1071 2919 1185 2970 rectus.
1781 2911 1782 2922 ¹

483 3017 554 3086 Obs.
603 3017 698 3084 Mas
734 3029 887 3081 antennas
911 3020 1067 3103 longiores
1090 3023 1283 3109 plerumque
1307 3021 1403 3086 habet
1438 3042 1536 3103 qrram
1560 3018 1676 3094 femine·

719 3209 897 3280 SECTIO
950 3210 1130 3281 ΡΙὶῑΟΗ.Ι
1160 3211 1382 3284 Aenestrntes.

543 3399 544 3406 ,
603 3349 755 3424 Divisio
802 3349 831 3420 I.
880 3344 1023 3438 Squnmoe
1056 3329 1192 3416 titurium
1221 3351 1366 3420 candales
1399 3346 1488 3416 alic.

397 3523 398 3528 κ
492 3479 625 3558 (Nervus
648 3488 768 3537 transv.
795 3474 897 3534 ordin.
911 3495 993 3553 pone
1015 3478 1154 3535 medium
1172 3476 1248 3536 disci
1266 3479 1439 3558 -saepissime
1459 3473 1540 3533 silua
1562 3463 1677 3529 &nu-
1781 3449 1782 3468 ἶ

313 3593 316 3596 ·
400 3577 462 3630 ,vus
480 3574 614 3648 quartus
636 3560 747 3640 longit.
770 3561 869 3638 magis
897 3559 1039 3616 minusve
1076 3559 1223 3618 distincte
1247 3557 1467 3639 geniculatus).

412 3714 441 3761 1.
482 3687 531 3756 D.
556 3685 728 3773 intipeuuis
761 3701 963 3760 aenescens,
1006 3677 1182 3748 antennis
1229 3679 1416 3769 elongatis
1441 3672 1579 3772 nigri53
1617 3668 1676 3738 alis

397 3850 401 3858 .
503 3785 715 3873 Virronibus,⁴
740 3781 780 3850 in
811 3804 914 3850 snare
958 3780 1102 3870 postico
1145 3779 1330 3874 dilatatis:
1371 3779 1528 3868 mantia
1556 3773 1675 3848 tortili

460 3937 464 3974 :
517 3887 653 3978 nigna3
686 3881 854 3975 pedibus
883 3882 1041 3974 pallidis.

449 4016 452 4024 '
542 4015 626 4078 Mas.
651 4017 693 4080 lu
710 4013 872 4098 paludosis
896 4015 1046 4078 Pnroeciae.
1065 4011 1345 4074 Falinis-*sesnin
1392 4033 1414 4072 a
1435 4010 1477 4070 D·
1499 4002 1674 4098 Zetterstedt

410 4103 565 4159 inventus.
610 4100 740 4159 Statura
761 4093 795 4157 dc
816 4097 1003 4176 magnitudo
1047 4094 1089 4158 D·
1113 4094 1264 4174 angulati.
1311 4094 1376 4154 Ala
1401 4104 1513 4174 taurea
1528 4087 1675 4217 ὺρενιοτέ
