3596 4896
637 307 690 368 22

419 509 501 578 ao.
557 507 591 574 S.
633 503 845 570 asili'cus
891 498 1047 567 thorace
1092 499 1483 590 flavo-hirsutissim03
1522 503 1695 573 abdomine

579 604 814 691 pubescente
865 615 1137 694 atro-cyaneo:
1187 602 1266 668 basi
1313 603 1519 691 fasciisque
1568 605 1696 696 glauca·

571 704 680 774 albis

525 869 599 926 tris
636 877 668 922 ct
691 865 776 924 Fen.
827 865 866 924 In
904 863 1117 940 Ostrogothia
1155 867 1194 930 D,
1224 861 1449 933 Zettorste'dt3
1485 867 1522 924 in
1552 863 1697 941 Uplandit

443 948 481 1009 D'.
511 953 667 1015 llili'nem
704 949 738 1006 in
761 949 889 1016 Scania,
910 951 1026 1009 rarior.
1066 949 1252 1008 Loneitudo
1288 951 1318 1008 S.
1357 945 1573 1020 mussitantis,
1608 960 1696 1005 atan-

441 1037 576 1106 gustioi·¹
624 1035 797 1089 Antennae
836 1029 1019 1099 sulrllavae,
1059 1045 1249 1105 porrectae,
1287 1030 1558 1106 protuberantiae
1591 1029 1695 1088 scilicet

442 1114 578 1172 iromtli
603 1116 764 1170 insertae:
803 1112 946 1170 articulo
974 1115 1083 1187 primo
1127 1112 1291 1188 elongato,
1323 1115 1444 1181 tereti'3
1482 1115 1600 1173 ultimo
1627 1129 1696 1168 com·

440 1214 564 1272 presso,
589 1197 775 1264 rotundato,
801 1195 1019 1264 obtusissimo,
1043 1194 1183 1260 deflexo,
1230 1196 1374 1272 Clypeus
1390 1215 1529 1268 crassus,
1555 1194 1697 1254 initam·

443 1294 559 1339 riennes
586 1283 783 1355 impressum
818 1278 895 1336 dein
919 1276 1045 1352 gibbus,
1073 1289 1106 1332 at
1139 1279 1192 1333 vix
1212 1276 1454 1349 tabescamus,
1488 1279 1577 1338 infra
1605 1276 1696 1338 oculos

443 1363 781 1436 lonredoscendeuffi
818 1373 876 1416 aut
898 1371 986 1416 totns
1010 1358 1225 1416 albo-micans
1259 1365 1316 1434 (in
1340 1362 1482 1420 maribus
1508 1359 1696 1436 plerumque)

440 1462 498 1522 ant
523 1451 554 1504 in
581 1445 686 1502 medio
708 1442 903 1508 detrudatus,
932 1443 1026 1515 niger
1062 1443 1112 1516 (in
1137 1443 1269 1498 leminis
1297 1444 1451 1518 saepius).
1500 1443 1598 1502 Oculi
1624 1439 1696 1506 nudi.

443 1535 587 1590 inmare
610 1525 835 1585 cobserentcs.
883 1521 1017 1581 Tlrorat
1058 1535 1090 1578 et
1122 1521 1302 1580 scutellum
1333 1523 1572 1582 hirsutissima:
1609 1521 1697 1580 hirsu-

443 1618 490 1672 tie
513 1615 720 1670 flavescente.
770 1607 939 1662 Abdomen
963 1605 1105 1662 thoracis
1126 1604 1318 1677 latitudine,
1337 1606 1699 1683 depressiusculmmpu·

443 1698 483 1753 be
506 1693 625 1751 rariori
649 1703 787 1754 tectum,
822 1700 942 1754 atrurn,
978 1687 1152 1744 nitidum:⁴
1180 1691 1534 1764 segrnentisnuatuor
1557 1689 1697 1747 fasciato·

444 1779 554 1837 nuiori
580 1773 651 1832 alba
672 1775 872 1843 interrupta,
897 1770 966 1826 fere
984 1772 1017 1827 in
1040 1770 1148 1826 inedie
1168 1771 1291 1840 singuli
1316 1775 1474 1846 segmenti
1502 1774 1572 1832 sita.
1622 1772 1699 1828 Prae·

444 1874 537 1920 terea
561 1847 650 1914 adest
676 1851 848 1912 interdurn
874 1852 913 1909 ad
936 1851 1103 1928 singulam
1126 1852 1259 1910 fasciam
1292 1853 1382 1912 linea
1401 1857 1563 1929 utrinque
1583 1867 1695 1927 cyanea

444 1947 660 2020 segmentum
682 1933 789 1993 basolo
813 1937 922 2000 inane,
947 1935 1131 2008 glaucum,
1159 1935 1286 1991 Venter
1320 1935 1514 2002 fornicatus,
1567 1935 1698 2000 inflores,

440 2024 699 2086 'albo-fasciatus.
748 2018 886 2087 Femora
920 2018 1027 2090 nigra,
1063 2016 1185 2090 pilosa:
1222 2017 1349 2091 postica
1379 2018 1547 2095 elongata.
1584 2017 1699 2092 reliquis

444 2114 500 2169 rix
522 2107 690 2166 crassiora,
710 2113 810 2158 recta.
857 2097 973 2158 Tibiae
996 2096 1187 2166 albicantes,
1214 2101 1357 2173 posticae
1379 2102 1430 2158 vel
1450 2106 1565 2180 nigrae
1585 2100 1633 2156 vel
1648 2099 1701 2156 basi
1756 2111 1757 2124 ¹

444 2194 547 2253 albae.
585 2187 682 2246 Tarsi
703 2182 813 2240 albidi.
864 2183 999 2254 Ungues
1025 2184 1121 2256 nigri.
1155 2181 1234 2238 Alae
1259 2180 1428 2258 hyalinae‚
1454 2188 1492 2244 ad
1517 2185 1609 2241 basin
1628 2179 1700 2258 panl-

443 2277 477 2336 lo
503 2276 728 2332 flavescentes,
776 2263 941 2322 nubecula
971 2265 1080 2321 media
1104 2263 1312 2320 infuscatae:
1338 2269 1455 2326 ,nereis
1480 2265 1640 2327 simili-tet
1659 2275 1697 2320 at·

444 2377 508 2436 que
530 2359 567 2413 in
589 2363 658 2409 tota
679 2347 740 2405 hac
776 2344 983 2424 Syrphorum
1005 2347 1151 2404 sectione
1171 2345 1318 2404 directis

569 2468 659 2528 0135,
705 2463 783 2521 AS.
812 2461 1006 2518 mussitante
1055 2461 1160 2534 quoad
1192 2471 1394 2518 structuram
1421 2459 1538 2536 clypei
1562 2457 1700 2519 nonina·

443 2546 731 2638 gerecedithaec
753 2545 884 2617 species.
944 2543 993 2601 Ad
1019 2543 1185 2602 Milesiam
1208 2543 1460 2616 vespiiocmem:
1497 2555 1700 2602 antennarum

442 2638 577 2701 articuli
599 2630 698 2711 primi
717 2625 939 2703 longitudine,
964 2624 1212 2700 abdominisque
1239 2624 1418 2684 latitudine
1438 2626 1571 2699 aequali
1594 2637 1624 2682 et
1643 2621 1700 2681 sab·

443 2722 576 2787 lineari,
625 2728 726 2790 prope
750 2707 887 2768 accedit.
933 2707 1054 2782 Syrphi
1078 2719 1188 2766 autem
1210 2709 1340 2782 generis
1363 2709 1485 2768 rectius
1504 2707 1649 2778 habetur,
1668 2703 1699 2762 all
1750 2708 1756 2761 l

446 2802 588 2866 Etistaie
624 2793 799 2854 asiliiormi
822 2789 916 2850 Fabr.
950 2791 1181 2848 verisimiliter
1204 2790 1366 2848 diversa?

576 2926 670 2986 rar.
701 2909 731 2998 β
777 2922 960 2982 abdominis
982 2921 1091 2980 fasciis
1113 2922 1279 3000 obsoletis,
1304 2925 1340 2982 in
1363 2923 1536 2982 exsiccatis
1557 2923 1609 2981 vix
1627 2917 1697 2978 ullis

447 3145 502 3196 ιι.
557 3123 593 3192 S.
631 3117 982 3209 iaphrilormis
1045 3117 1398 3206 aeneo-nigricans,
1453 3116 1698 3209 griseo-flare·
1763 3111 1764 3118 ’

426 3226 430 3234 ’
577 3221 770 3306 hirsutum
817 3217 1027 3284 abdominis
1072 3216 1294 3306 pedumque
1327 3218 1405 3288 basi
1436 3232 1617 3297 sectricem
1655 3212 1697 3280 ic·

575 3321 746 3390 moribus
786 3318 941 3408 posticis
985 3319 1224 3385 crassissimis
1253 3318 1390 3387 subtus
1431 3316 1603 3406 spinosis.

570 3517 645 3576 illas
680 3527 712 3573 et
733 3514 816 3577 Fen.
864 3513 903 3572 in
926 3511 1062 3573 floribus
1084 3510 1237 3574 'Crataeei
1269 3509 1695 3590 oxyacanthaeEsperddra·

446 3607 524 3666 rior.
570 3601 609 3658 ln
634 3599 818 3672 Lirketorp
844 3595 1077 3668 Ostrogothiac
1102 3599 1140 3654 D.
1168 3598 1370 3657 Zosterstedt
1407 3629 1448 3642 -
1491 3599 1620 3656 Statura
1640 3593 1695 3648 iere

445 3682 684 3766 praecedentis,
709 3693 740 3737 at
757 3680 917 3736 abdomen
936 3691 1068 3735 ovatum
1092 3690 1125 3735 et
1149 3678 1256 3737 latius.
1290 3679 1462 3736 latomiae
1484 3679 1695 3754 subporrectst

445 3767 714 3850 protuberantiae
762 3761 900 3820 frontali
938 3763 1141 3821 insidentes:
1182 3763 1324 3820 articulo
1371 3761 1490 3818 ultimo
1530 3758 1694 3820 rotundato

931 3859 938 3868 ·
1628 3855 1695 3900 cem·
