3756 4900
644 321 702 417 ‘ri

437 553 711 642 nigro-nitidum.
757 541 860 614 Oculi
882 547 1041 631 maximi.
1073 556 1110 618 in
1143 547 1272 620 lamina
1295 515 1346 618 eal
1367 547 1438 619 late
1461 551 1629 630 distantes.
1650 550 1727 615 Ver-

436 658 496 707 ter
520 647 556 705 in
577 641 704 703 femina
729 639 840 720 niger,
870 639 999 716 glaber,
1038 643 1079 703 ad
1103 655 1268 706 antennas
1291 645 1495 706 crenulatus.
1526 645 1627 706 Frons
1645 652 1726 701 utro·

436 751 503 810 que
526 732 562 790 in
578 747 659 789 sexu
683 727 998 804 argenteo-micans,
1013 727 1173 790 imberbis
1193 767 1236 780 -
1257 743 1338 791 nota
1354 731 1543 810 singularis,
1569 727 1651 788 hanc
1665 743 1727 806 spa·
1823 733 1824 758 ¹

435 820 524 880 ciem
549 839 568 876 a
600 812 772 892 speciebus
809 812 946 872 Sveciae
978 828 1077 878 antea
1117 819 1262 897 cognitis
1286 836 1365 879 mox
1386 820 1607 894 distinguens.
1635 810 1728 874 Barba

432 905 546 966 menti
570 900 792 978 occipitisque
814 898 1013 962 albaaclest.
1063 904 1243 967 Antennae
1278 907 1405 985 nigrae,
1438 904 1505 964 basi
1528 899 1622 962 nullo
1643 895 1729 956 modo

431 988 587 1051 hirsutae
610 985 666 1046 sed
686 1002 805 1060 proriam
827 983 963 1062 pilosae.
1016 985 1152 1056 Thorax
1175 991 1277 1050 lineis
1314 1011 1332 1053 a
1366 990 1551 1050 dorsalibus
1577 984 1655 1044 albis
1678 1000 1748 1040 no··
1822 983 1825 1038 i

429 1072 544 1137 t'atur:
583 1073 620 1130 in
657 1069 821 1129 lateribus
846 1085 879 1130 et
914 1073 952 1130 in
989 1086 1126 1151 pectore
1151 1077 1337 1138 villositate
1370 1076 1540 1136 albicante
1569 1070 1725 1130 obductus.
1818 1133 1823 1143 .

428 1165 612 1238 segmenta
638 1159 732 1234 apice
751 1154 849 1226 alba;
884 1155 945 1234 (in
969 1159 1098 1238 femina
1119 1165 1296 1233 exsiccata,
1325 1163 1498 1226 interdum
1523 1170 1593 1218 tota
1614 1153 1727 1231 nigra)

428 1249 536 1314 Pedes
556 1245 657 1321 nigri,
691 1239 876 1300 femoribus
901 1243 1209 1310 albo-micantibus.
1259 1247 1378 1308 Tibiae
1402 1247 1541 1306 obscure
1565 1251 1727 1308 tartareae,
1820 1272 1821 1288 i

434 1332 640 1413 spinulosae,
666 1329 759 1406 apice
782 1329 908 1404 nigrae.
956 1330 1038 1394 Alae
1061 1336 1359 1415 nigro-nervosae:
1400 1333 1529 1393 lineola
1558 1329 1649 1406 juxta
1669 1322 1728 1408 api·

433 1440 507 1482 cem
530 1417 628 1478 nervi
651 1415 830 1473 auxiliaris
866 1413 1016 1477 obscura.
1647 1410 1651 1419 ¹

565 1575 664 1635 Not.
715 1568 828 1630 Aliam
871 1573 1019 1647 speciem
1051 1570 1205 1636 Bibienis
1236 1573 1351 1634 fronte
1375 1571 1518 1634 imberbi
1541 1570 1729 1631 instructam

434 1659 633 1725 ellorussia
657 1653 749 1716 m'isit
783 1651 833 1712 Cl.
861 1655 1044 1720 Andersch.
1098 1658 1209 1733 Hujus
1243 1671 1358 1722 autem
1401 1661 1534 1738 speciei,
1569 1657 1604 1713 in
1625 1645 1728 1712 spacia

434 1750 520 1812 licet
542 1762 613 1805 non
636 1737 745 1800 adhuc
767 1740 940 1815 inventae,
967 1743 1245 1822 descriptionem,
1280 1745 1321 1804 ob
1346 1765 1511 1804 surnmam
1535 1758 1611 1803 cum
1629 1730 1728 1800 Blblt’·

433 1854 480 1900 ne
503 1829 665 1912 annulata
689 1837 722 1884 et
744 1823 888 1888 imberbi
912 1827 1129 1904 affinitatem,
1165 1818 1200 1896 li.
1226 1830 1247 1892 l.
1273 1829 1405 1892 adferre
1426 1831 1542 1896 lubet:

522 2076 526 2091 ·
562 2033 600 2093 B·
640 2023 843 2087 confinis
877 2027 1049 2102 nigricans
1078 2024 1303 2102 albo-villosa,
1327 2027 1506 2088 abdomine
1528 2009 1727 2086 seminatri-

434 2123 567 2201 griore=
607 2112 751 2174 maculis
774 2110 973 2176 lateralibus
997 2111 1082 2174 albis
1093 2133 1102 2185 5
1141 2113 1255 2176 fronte
1278 2113 1444 2186 imberbi;
1479 2114 1649 2176 femorum
1666 2094 1726 2178 api·

434 2227 473 2268 ce
495 2203 656 2278 tibiisqne
686 2198 851 2259 testaceis.

563 2355 641 2418 Mas
680 2363 715 2414 et
753 2353 839 2414 Fan.
888 2350 1004 2432 Facies
1029 2361 1062 2413 et
1084 2351 1282 2431 magnitudo
1316 2353 1351 2418 B.
1375 2353 1569 2416 annulatae.
1616 2343 1722 2416 Corl’l'

430 2445 625 2523 nigricans:
661 2439 849 2500 villositate
872 2437 1042 2499 albicante
1075 2440 1178 2499 maris
1202 2439 1522 2517 longiori,leminae
1543 2425 1716 2498 brevissima
1762 2495 1764 2500 .

430 2531 648 2592 obductum·
673 2525 774 2585 Oculi
797 2526 949 2596 maximi,
983 2525 1020 2583 in
1042 2524 1171 2584 femina
1193 2536 1242 2584 sat
1266 2527 1510 2604 approximati:
1550 2503 1717 2582 interstitio

378 2641 383 2654 *
429 2613 588 2679 verticali
626 2609 913 2688 opaco—brunum,
944 2609 1150 2688 angustiore.
1198 2609 1304 2671 Frons
1338 2610 1459 2684 brevis,
1502 2602 1721 2671 albo-micant,

428 2703 538 2773 nuda;
573 2710 607 2758 at
630 2696 732 2756 barba
754 2693 852 2774 gulae
873 2695 1095 2772 occipitisque
1118 2696 1193 2756 alba
1216 2697 1317 2756 adest.
1366 2697 1547 2758 Antennae
1564 2691 1719 2754 obscurae.

430 2789 503 2850 basi
524 2801 644 2864 parurn
666 2781 806 2860 pilosae,
833 2791 929 2842 extus
968 2781 1206 2842 subtestaceae.
1253 2781 1417 2846 Thoracis
1457 2783 1569 2846 lineae
1591 2759 1722 2836 dorsale!

431 2877 519 2936 duae
543 2869 650 2929 albae.
696 2867 870 2928 Abdomen
891 2868 994 2928 maris
1031 2878 1142 2929 totum
1178 2867 1281 2926 dense
1304 2867 1569 2940 albo-villosum,
1592 2853 1725 2921 feminae

431 2976 536 3034 supra
573 2952 783 3013 denudatum
805 2953 958 3028 nigrum:
994 2952 1135 3014 maculis
1170 2951 1319 3016 laterum
1339 2955 1481 3034 trigonis
1504 2950 1599 3022 albis,
1636 2959 1658 3003 ⁶·
1681 2929 1723 2991 1²¹

338 3053 342 3058 '
433 3045 510 3106 sciis
532 3045 568 3102 in
595 3039 689 3116 apice
711 3051 964 3116 segmentorum
984 3039 1188 3118 interruptis
1210 3050 1376 3102 notatum.
1423 3039 1565 3101 Femora
1583 3027 1721 3110 obscura,

431 3131 529 3209 apice
551 3135 707 3187 testacea.
755 3121 874 3184 Tibiae
897 3124 1088 3202 spinulosae
1108 3137 1141 3185 et
1163 3134 1364 3185 metatarsus
1386 3135 1545 3212 testacea,
1567 3116 1658 3200 apice
1676 3119 1723 3166 m·

430 3233 501 3300 gra.
547 3211 631 3274 Alae
652 3208 824 3292 hyalinae,
849 3221 945 3270 extus
969 3212 1126 3290 inprimis
1149 3210 1277 3290 pallide
1309 3228 1479 3274 nervosae.

568 3331 693 3400 Differt
712 3333 856 3410 igitura
885 3331 920 3393 B.
944 3329 1123 3393 annulata:
1162 3330 1277 3392 fronte
1311 3329 1455 3392 imberbi
1478 3340 1512 3392 et
1536 3323 1647 3389 colore
1669 3322 1720 3389 Ρθ·

429 3428 532 3497 duma
577 3422 653 3482 aB.
694 3415 856 3478 imberbi:
893 3413 1150 3494 colorepedum
1170 3435 1422 3500 nervorumque
1444 3420 1482 3486 in
1500 3415 1574 3486 alit.
1621 3393 1718 3478 few

430 3522 607 3598 praeterea
624 3502 818 3584 validiores,
850 3501 1024 3604 magisque
1060 3499 1236 3582 rpinulosi.

872 3841 1356 3916 -0000000-
