3788 4912
784 427 872 493 ε’
1416 433 1467 504 tr

280 639 382 708 Mis.
421 637 650 703 Praecedente
672 639 732 700 vir
751 641 874 700 minor.
921 635 1023 701 Oculi
1061 639 1208 703 viventis
1243 639 1462 704 aeneo-fusci.

138 732 265 794 Frons
293 739 335 788 ct
357 724 473 798 barba,
504 724 586 786 alba
632 725 760 803 Corpus
784 727 970 802 cinereum,
1009 741 1130 804 parurn
1151 727 1314 806 pilosumt
1352 725 1466 786 thora-

136 821 190 878 cis
221 816 334 876 linea
355 810 476 872 media.
492 809 661 890 duplicata
682 811 801 890 nigra,
817 823 1071 888 segmentorum
1093 813 1187 889 apice
1209 813 1375 876 nitidiori.
1403 813 1466 874 Pe-

135 903 201 964 des
228 899 468 978 nigricantes,
493 895 680 956 femoribus
703 893 795 957 linea
816 893 952 956 laterali
978 895 1181 976 cinguloque
1203 899 1245 960 ad
1261 891 1393 978 apicem
1413 893 1465 956 lu'·

133 991 224 1050 reis.
281 981 419 1043 Tibiae·
438 981 640 1060 spinulum,
663 979 803 1042 luteae:
826 981 964 1042 annulis
988 979 1114 1066 duobus
1136 986 1262 1064 nigris;
1299 987 1335 1044 in
1360 981 1466 1043 exsic-

135 1087 224 1136 cato
250 1067 447 1136 forciores:
486 1063 621 1126 annulis
657 1065 714 1128 vix
749 1067 957 1144 conspicuis.
996 1066 1132 1148 (Manet
1159 1081 1275 1130 tamen
1296 1069 1468 1130 femorum

137 1153 350 1237 cingulus).
400 1151 498 1212 Tarsi
521 1151 620 1225 lutei,
643 1145 924 1230 nigro-annulati.
969 1150 1053 1211 Alae
1075 1149 1286 1230 infuscatae,
1312 1155 1342 1224 i.¹
1359 1172 1385 1214 e.
1412 1170 1466 1211 co-

136 1248 220 1306 lore
246 1239 355 1300 fusco
377 1235 604 1314 inaequaliter
627 1239 764 1302 tinctae.
794 1271 836 1284 -
878 1233 1003 1298 Differt
1026 1233 1066 1296 ab
1086 1241 1123 1300 Α.
1149 1239 1330 1318 forcipato:
1374 1235 1469 1298 colo·

135 1351 177 1392 re
203 1325 369 1408 pedumr
404 1320 445 1382 ab
468 1321 508 1384 A.
534 1321 663 1390 tibiali:
704 1321 817 1383 colore
838 1315 981 1397 alarum,
1023 1333 1087 1384 etc.

291 1441 391 1504 tau.

149 1609 402 1680 Drsreooou
451 1591 699 1665 Haustellum
726 1591 855 1681 breve,
895 1591 1220 1665 subhorizontale.
1274 1587 1467 1664 Antennst

288 1689 503 1792 porreciae,
555 1695 832 1784 5·articulataet
883 1696 1048 1768 articulo
1088 1696 1229 1766 ultimo
1262 1693 1468 1790 elongat03

291 1814 389 1870 seta
414 1797 532 1886 brevi,
569 1818 703 1884 crassa,
730 1789 881 1869 inflexa.
933 1799 1082 1888 Corpus
1105 1797 1357 1891 elongatumt
1400 1819 1466 1892 pe-

294 1901 420 1972 dibus
445 1899 576 1990 pilosis
611 1899 920 1992 spinulosisque3
969 1901 1076 1972 tibiis
1105 1901 1230 1974 rectis.

243 2039 364 2102 Seta
403 2043 630 2092 antennarum
663 2031 700 2090 in
722 2029 943 2112 Dasypogone
980 2034 1052 2094 fere
1084 2033 1235 2106 crassior,
1266 2047 1342 2108 nec,
1364 2041 1404 2090 ut
1426 2031 1466 2091 in

141 2124 263 2198 Aulo,
301 2115 493 2197 capillaria,
538 2133 642 2194 genus
680 2115 736 2175 vix
772 2117 902 2178 indicat
924 2117 1104 2182 diversum.
1151 2118 1315 2194 Corpus
1349 2128 1466 2176 autern

144 2213 276 2272 minus
302 2205 495 2274 hirsutum,
530 2198 695 2278 genitalia
727 2219 858 2280 qnoque
879 2203 1034 2263 breuiora
1056 2221 1155 2280 quam
1174 2202 1211 2263 iri
1234 2200 1335 2262 Asilis
1369 2201 1463 2259 inve·

144 2299 237 2359 nies.
293 2293 485 2355 Praeterea
520 2283 697 2344 feminis
732 2286 870 2346 omnino
911 2285 1024 2348 ‹leesse
1062 2287 1223 2348 videntur
1262 2283 1462 2366 appendices

148 2392 311 2444 corneae
339 2367 506 2452 candales,
529 2377 614 2448 quae
638 2369 739 2431 Asilis
762 2387 894 2448 semper
917 2381 1123 2450 competunt.
1147 2369 1376 2451 Quamobrem
1398 2367 1463 2428 hoc

148 2483 280 2548 genus,
322 2477 346 2518 a
366 2454 440 2518 Cel.
470 2451 623 2514 Fabricio
646 2468 680 2515 et
704 2453 842 2539 Meigen
879 2457 916 2515 in
948 2449 1101 2535 Systema
1124 2457 1190 2532 jam
1214 2453 1458 2526 introductum,

154 2551 319 2612 retinere
345 2543 449 2602 satius
472 2539 638 2598 duximus.
684 2539 930 2602 Rudimentum
968 2559 1121 2620 squamae
1159 2539 1220 2602 sub
1255 2540 1317 2600 alis
1359 2539 1464 2620 adest.

161 2632 381 2708 Diriguntur
404 2623 502 2685 nervi
523 2623 653 2684 alarum
674 2633 713 2683 ut
741 2623 778 2686 in
800 2625 962 2687 Dioctria
1329 2639 1333 2646 ’

168 2847 205 2900 1,
248 2826 295 2896 D.
350 2813 604 2885 hirtellua
647 2812 825 2886 cinereus
874 2815 1075 2906 hirsutus3
1124 2809 1294 2882 thoracis
1349 2807 1466 2880 lineis

278 2919 410 2992 tribua
452 2916 611 2986 fustist,
650 2913 777 2985 media
821 2915 1067 3005 abbreviata,
1108 2913 1271 3010 pedibus
1320 2912 1464 3008 nigriss
1583 2943 1588 2950 ·

278 3019 496 3116 segmentis
522 3017 696 3110 margine
730 3017 999 3094 albicantibus.

247 3187 368 3256 Asilos
391 3187 521 3247 cinctus
543 3177 677 3246 Thunb.
702 3184 849 3265 Laphria
871 3185 982 3245 cincta
1011 3181 1111 3249 Fabr.
1135 3179 1230 3246 Anti.
1261 3179 1330 3256 165.
1356 3195 1394 3256 51
1408 3175 1461 3240 i'l

328 3308 375 3384 In
394 3302 535 3366 floribus
556 3303 646 3366 Crat.
666 3303 791 3384 oxyac.
815 3307 953 3370 Scaniae
979 3315 1059 3376 180ss
1087 3313 1137 3361 sat
1158 3299 1324 3376 frequens.

247 3425 334 3490 Mas
369 3432 404 3483 et
439 3419 526 3483 Fssr.
558 3421 596 3484 in
618 3423 746 3502 copula.
782 3423 917 3484 Statura
943 3419 1065 3499 Laphr.
1099 3419 1319 3496 marginatae,
1346 3411 1464 3492 paullo

144 3519 292 3582 minor.
342 3509 452 3570 Frons
472 3507 642 3584 nigricans
664 3507 720 3566 vel
744 3509 889 3584 cinerea,
912 3505 1015 3570 barba
1035 3509 1145 3584 nigra,
1167 3503 1257 3564 infra
1278 3497 1392 3561 oculos
1415 3496 1464 3556 al·
1489 3519 1494 3530 ·

147 3609 208 3668 ba.
252 3595 400 3660 Thorax
424 3591 590 3664 cinereus,
613 3609 745 3670 opacus,
770 3591 871 3653 lineis
894 3589 1079 3652 dorsalibus
1102 3589 1214 3658 luscis,
1259 3585 1333 3668 (aut
1356 3581 1464 3643 nullis

144 3697 194 3755 tn
220 3681 372 3746 detritis
394 3675 606 3758 individuis).
654 3675 827 3736 abdomen
851 3679 1033 3754 nigricans,
1055 3672 1279 3746 bisentulum,
1303 3669 1462 3730 incisuris

150 3763 398 3848 albo-griseis.
445 3759 548 3821 Pedes
571 3761 636 3822 toti
656 3761 759 3839 nigri,
796 3761 918 3822 validi:
955 3757 1140 3820 femoribus
1164 3755 1278 3836 pilosis
1303 3754 1463 3830 tibiisqua

152 3851 367 3945 ,pinulosin
414 3842 500 3906 Alae
522 3842 798 3906 fusco-nervosae.
821 3881 863 3893 -
895 3841 1100 3920 ALaphriis
1119 3840 1258 3902 ‘differat
1298 3850 1461 3899 antenna·

149 3967 238 4015 ,um
263 3939 368 4018 apice
395 3929 588 3990 acuminato
609 3929 767 4008 tibiisquc
791 3949 859 3990 non
882 3929 1040 3996 incurvis.
1087 3929 1131 3987 tlt
1155 3925 1295 3986 dubium
1318 3925 1375 3982 vix
1410 3939 1463 3979 re·

149 4045 224 4101 stat
249 4025 342 4112 quin
369 4031 452 4076 cum
485 4013 606 4096 Dtayp.
642 4018 753 4076 cincto
794 4016 898 4094 Meig.
923 4027 957 4076 et
982 4009 1106 4092 Laphr.
1145 4011 1256 4086 cincta
1277 4006 1465 4151 &¹³02in
