3582 4892
647 489 680 550 2
737 509 742 517 .

450 689 492 749 In
514 692 609 744 tants
631 690 747 738 autem
769 674 965 754 specierum
997 672 1224 738 multitudine
1258 681 1537 763 metamorphosis
1557 686 1682 748 nondun
1770 747 1771 754 ,

451 773 527 830 satis
549 778 598 826 est
618 763 804 841 explorata,
836 773 870 819 et
895 759 1075 837 exploratu
1106 779 1185 823 sane
1217 762 1434 827 difficillima⁴
1482 772 1569 849 Quin
1592 783 1686 833 tanen
1770 801 1771 814 κ

453 859 522 932 ipsa
544 850 693 927 partium
715 845 834 923 figura,
859 847 942 904 situs
966 855 999 902 et
1022 863 1183 905 numerus
1211 850 1345 910 vivendi
1376 856 1501 913 rationi
1528 859 1686 932 specierum
1770 863 1771 886 ¹

450 939 609 998 adcurate
632 930 867 1009 respondeant,
881 931 934 987 vix
957 925 1159 990 dubitamus.
1186 932 1240 992 Sic
1255 935 1424 995 Muscides
1447 939 1553 1016 palpis
1574 939 1684 998 cochle-

451 1018 666 1082 ariiormibus
711 1016 891 1076 instructas
930 1013 1046 1090 (utin
1077 1012 1189 1091 Lissa)
1231 1017 1271 1074 ad
1301 1037 1399 1096 equas
1423 1019 1571 1082 babitare
1595 1027 1687 1099 cogni.

454 1118 529 1166 tum
552 1114 611 1162 est.
660 1099 812 1176 Reliquae
849 1106 963 1155 autem
988 1108 1022 1155 et
1045 1100 1325 1160 numerosissimae
1350 1103 1464 1182 pulpos
1496 1119 1610 1184 gerunt
1638 1109 1690 1167 iili.

452 1191 589 1262 formes,
613 1196 709 1264 extus
737 1179 852 1261 paullo
875 1180 1060 1241 crassiores.
1095 1183 1138 1242 In
1161 1180 1213 1242 his
1235 1185 1349 1261 plures
1377 1190 1607 1250 verisimiliter
1626 1192 1690 1252 dan·
1770 1217 1771 1250 1

451 1287 510 1335 tur
532 1272 766 1349 species‚que‚
790 1266 872 1326 licet
893 1264 958 1324 elia
982 1266 1101 1342 capitis
1136 1277 1318 1344 structura,
1361 1273 1428 1333 alia
1463 1279 1690 1344 nervorumin
1770 1305 1771 1326 ι

454 1357 517 1417 alis
539 1355 725 1415 directione
748 1350 928 1429 gaudeant,
954 1349 1109 1410 dissimili
1135 1362 1250 1412 tamen
1273 1353 1446 1417 larvarum
1471 1363 1565 1421 victu
1598 1371 1627 1418 et
1644 1357 1692 1420 bs·

429 1435 617 1502 ‘bitatione
643 1437 697 1496 vix
719 1455 756 1496 ac
779 1454 822 1494 ne
845 1436 901 1492 six
926 1434 1061 1510 quidem
1095 1436 1285 1512 discrepare
1310 1441 1480 1505 videntur.
1535 1443 1692 1506 Multata·
1770 1421 1771 1476 3

449 1546 531 1588 men
556 1525 610 1583 vel
638 1521 746 1582 adhuc
769 1519 892 1592 latent,
918 1517 972 1576 vel
996 1517 1153 1585 ulteriori
1179 1525 1328 1583 examini
1348 1525 1623 1601 subjici'debent·

453 1681 680 1758 TACHINA
719 1674 913 1765 Ospalpis
952 1673 1210 1746 liliiormibus.
1261 1675 1495 1752 Aeternarum
1515 1700 1581 1757 seta
1598 1683 1691 1756 nuda.

561 1779 706 1852 Alcrum
729 1801 848 1846 stereus
874 1777 1003 1846 costulis
1040 1777 1099 1843 vel
1138 1793 1226 1846 ante
1262 1785 1409 1868 apicem
1449 1785 1510 1855 val
1548 1789 1586 1857 in
1626 1789 1692 1875 ipso

563 1883 804 1972 apice'cum
837 1899 951 1946 nervo
994 1893 1134 1966 quarto
1182 1879 1458 1973 longitudinali
1501 1875 1693 1985 angulatim

557 2004 626 2051 seu
652 1983 841 2052 arcuatim
867 1980 968 2048 flexo
994 1979 1231 2064 conjunctus.

573 2108 690 2192 Corpus
710 2109 1002 2188 oblongo-ovatum
1028 2129 1051 2170 e.
1077 2111 1321 2190 cylindricum,
1342 2116 1488 2186 pilosum
1515 2131 1549 2180 et
1568 2133 1694 2182 setosuns

445 2215 586 2276 magne,
609 2215 719 2273 septus
744 2198 860 2258 media
884 2193 1136 2272 magnitudinis,
1162 2193 1340 2256 abdomine
1363 2207 1547 2277 segmentis
1571 2219 1695 2283 quatuor
1770 2241 1771 2260 t

448 2289 662 2346 instructum.
711 2277 798 2340 Oculi
821 2283 856 2338 in
880 2292 1023 2355 utroque
1047 2280 1320 2356 testudineum,
1345 2282 1493 2368 oblongi,
1525 2288 1548 2353 1.
1578 2285 1695 2354 nudil.

445 2366 585 2438 hirsuti,
605 2363 811 2432 rnediocres3
839 2366 872 2421 in
895 2382 985 2421 mare
1010 2364 1185 2423 interdum
1208 2365 1323 2443 paullo
1348 2374 1451 2448 magi.
1472 2373 1692 2452 approxjmgtg
1770 2379 1771 2424 i

447 2471 546 2530 quarn
574 2449 768 2512 insemina.
821 2443 977 2507 Antania
996 2449 1229 2524 prominentis
1263 2450 1590 2518 frontaliinserte:
1626 2457 1690 2518 erti-

448 2535 526 2595 culo
549 2532 672 2590 ultimo
691 2529 902 2606 longissimo,
924 2533 1031 2590 rarius
1069 2531 1189 2602 brevi,
1222 2533 1440 2615 (quadratojt
1483 2553 1555 2601 sete
1586 2540 1691 2602 dorsali

446 2616 691 2688 triarticulata,
720 2613 818 2674 nuda.
867 2614 948 2672 Haec
974 2626 1087 2674 autern
1107 2615 1244 2675 nuditas
1282 2631 1355 2683 sete
1379 2635 1618 2697 antennarum,
1639 2641 1693 2684 nne
1770 2637 1771 2700 i

450 2723 526 2765 cum
549 2703 678 2762 flexura
700 2699 796 2757 nervi
821 2695 1083 2776 longitudinalis
1105 2700 1141 2757 in
1164 2699 1237 2772 alis,
1271 2705 1398 2780 specics
1438 2707 1692 2771 Tachinarurna

450 2785 621 2864 speciebus
656 2785 873 2847 Muscasurn.
911 2785 1039 2859 optimc
1079 2783 1291 2862 distinguere
1328 2789 1476 2852 videtur.
1533 2797 1689 2864 Ceterum,
1770 2813 1771 2866 ᾗ

448 2868 537 2930 hane
558 2869 731 2928 Generum
756 2865 986 2924 differentiam
1009 2882 1075 2925 esse
1099 2884 1192 2926 mere
1225 2869 1439 2935 artificialem
1469 2874 1619 2938 libenter
1644 2894 1688 2955 ag.

447 2955 623 3015 noscimus.
648 2984 690 2997 -
715 2949 844 3009 Accidit
875 2966 1017 3026 quoqne,
1061 2949 1144 3010 iicet
1169 2953 1352 3030 rarissime,
1385 2971 1422 3019 ut
1449 2973 1521 3022 sera
1545 2973 1690 3026 antenna.
1770 2947 1771 2970 ¹

447 3055 545 3111 rum>
562 3037 596 3093 in
622 3033 817 3112 quibusdam
839 3031 951 3092 saltim
976 3033 1170 3105 individuis,
1195 3035 1393 3102 brevissime
1415 3046 1600 3121 pubescens
1622 3063 1686 3106 con·

448 3123 610 3200 spiciatur
643 3121 708 3194 (er.
732 3135 778 3196 gr.
807 3119 843 3176 in
866 3113 1002 3178 Trechina
1024 3114 1172 3196 dispari).
1219 3121 1294 3184 Hec
1330 3139 1446 3188 autem
1484 3131 1690 3210 pubescentia

437 3208 509 3288 ‚nisi
535 3203 634 3266 oculo
657 3205 786 3280 optime
808 3211 937 3260 armato
959 3219 1029 3261 non
1052 3202 1219 3262 observari
1241 3216 1360 3281 potest.

569 3317 689 3385 Larua*
707 3321 741 3378 in
765 3329 858 3377 terra
883 3319 987 3378 vitam
1015 3316 1188 3395 degentes,
1215 3321 1344 3382 radices
1365 3323 1562 3403 plantarum
1586 3351 1689 3396 sonsn·

446 3415 559 3478 ruunt,
582 3415 668 3462 teste
690 3404 720 3462 D
760 3402 927 3465 Faenscso.
974 3402 1166 3480 Quisquilia
1196 3423 1215 3462 e
1248 3424 1352 3486 regno
1385 3422 1420 3469 et
1444 3413 1633 3496 vegetabili
1659 3427 1689 3476 er
1770 3415 1771 3424 ’

444 3488 595 3554 Animuli
619 3487 761 3548 forsitan
779 3487 889 3567 potius
909 3497 1037 3554 amant.
1081 3487 1251 3550 Cadavera
1273 3503 1389 3556 tamen
1414 3499 1621 3566 Animaliusn
1638 3501 1688 3561 vir

428 3581 620 3654 appetunt.

548 3685 709 3766 Imagines
730 3687 766 3744 in
790 3683 883 3743 silvis
907 3695 941 3744 et
979 3687 1016 3744 in
1053 3686 1196 3749 floribus
1232 3689 1508 3760 Umbellatarum
1542 3702 1689 3780 inprimis
1770 3687 1771 3724 ³

444 3774 675 3853 hospitantur.
730 3769 884 3827 Feminae
917 3768 1067 3840 plurium
1099 3776 1289 3848 specierum
1321 3778 1485 3854 viviparne
1514 3784 1686 3847 offigunt,
1770 3839 1771 3846 ἵ

439 3879 525 3924 mus.
548 3889 590 3904 --
613 3846 807 3937 differentia
825 3851 973 3938 specifica,
998 3873 1015 3912 a
1037 3854 1162 3929 colore,
1196 3861 1314 3936 asapius
1336 3864 1543 3940 nigricante,
1566 3873 1687 3931 desum·
1770 3911 1771 3942 ᾗ

438 3959 485 4018 ta,
509 3958 588 4018 saepe
607 3935 754 3997 vacillat.
799 3937 945 4012 ideoque
977 3942 1231 4013 proportionem
1261 3955 1489 4011 antennarum
1524 3965 1557 4012 et
1588 3955 1684 4015 flexu·
1770 3959 1771 3966 ’

438 4024 629 4090 ramnervi
666 4022 774 4096 quarti
813 4019 1072 4096 longitudinalis
1112 4023 1241 4084 alarum
1283 4028 1478 4091 dissimilem
1519 4039 1687 4098 consulere

439 4119 587 4192 eportet.
626 4101 801 4187 Dispositio
840 4107 1050 4185 specierum,
1082 4125 1101 4171 a
1131 4107 1271 4175 nuditate
1290 4125 1336 4176 ,ει
1368 4109 1501 4182 hirsutis
1526 4122 1685 4198 umbram
