3596 4896
489 809 1181 908 HAEMATOMYZIDES.
1263 881 1274 919 .
1371 867 1379 880 ·

285 1265 346 1334 Os
371 1261 564 1338 beustello
600 1263 772 1358 simplici
807 1265 832 1336 l.
863 1261 1041 1339 distincto
1068 1267 1095 1346 l.
1116 1263 1301 1344 obsoleto.

283 1401 519 1472 Antennae
557 1417 639 1472 sete
669 1399 809 1472 dorssli
850 1398 1059 1482 instructo.
1147 1453 1155 1464 .

284 1535 466 1626 Corpus
507 1537 678 1610 verium:
724 1536 848 1608 oculis
874 1534 1063 1628 oblongis,
1095 1537 1166 1608 slis
1190 1561 1307 1614 nervo
1329 1533 1508 1616 interiori

377 1637 583 1732 marginali
610 1661 775 1730 ursoque
803 1639 980 1734 sngulsri
1006 1637 1215 1714 destitutis.

171 1847 391 2010 Corpus
431 1931 707 2014 polymorpbum‚
748 1931 1129 2014 oblongossconrexum,
1166 1955 1191 2001 s.
1228 1935 1440 2015 depressumt
1476 1931 1501 2000 l.

176 2031 340 2090 sotorum,
363 2015 387 2078 l.
414 2015 594 2090 hirsutum,
620 2019 641 2078 1.
669 2017 861 2098 pubescens.
889 2016 969 2081 Ale
994 2021 1014 2079 l.
1034 2019 1229 2092 ditericus,
1263 2023 1282 2080 l.
1309 2019 1505 2082 incumben-

173 2116 229 2165 tes
266 2105 321 2181 (in
343 2107 541 2182 unespecie
566 2103 710 2180 notter:
745 2105 934 2164 directione
957 2121 1139 2164 nervorum
1171 2105 1371 2182 simpliciori
1394 2117 1428 2163 et
1450 2124 1505 2165 rt·

174 2192 240 2250 rie.
268 2186 401 2249 Pedes
424 2186 446 2246 1.
471 2191 604 2266 spinosi,
631 2189 651 2252 l.
679 2187 906 2267 pubescentes.
933 2219 976 2234 -
1016 2189 1193 2250 Structure
1215 2191 1321 2270 igitur
1346 2189 1504 2269 portium.

173 2267 459 2347 metamorphosin
483 2286 517 2332 et
550 2275 658 2332 victus
681 2290 741 2350 pro
765 2272 897 2348 singulo
922 2271 1058 2330 Genere
1081 2273 1153 2332 iere
1177 2273 1314 2334 diverso.
1352 2275 1449 2334 luter
1472 2291 1526 2352 so,

173 2369 295 2423 temen
317 2357 529 2418 conveniunt
553 2359 678 2438 specior
700 2357 760 2418 sub
782 2353 844 2416 hoc
864 2355 993 2416 semilis
1010 2355 1217 2418 militantes:
1259 2357 1394 2416 deiectu
1419 2359 1507 2435 cepi·

173 2443 248 2504 tuli
277 2439 500 2520 proboscidei,
534 2443 603 2502 situ
635 2451 670 2500 et
706 2441 877 2519 presentie
898 2452 1125 2500 sotenmrurn
1148 2453 1233 2514 sete,
1260 2440 1368 2520 ligure
1392 2441 1507 2502 oculo·

174 2547 258 2590 rum
282 2523 438 2603 oblongo,
464 2536 502 2584 ut
532 2536 566 2585 et
588 2523 739 2584 absentie
773 2525 870 2585 nervi
894 2523 1025 2584 elerum
1050 2525 1246 2602 marginalis
1268 2541 1421 2601 ores-que
1444 2545 1505 2588 sn·

174 2610 316 2691 gulorir.
348 2609 400 2669 De
422 2620 547 2678 cetero,
578 2609 631 2668 vel
650 2607 756 2678 loros,
783 2611 873 2670 intro
895 2625 1036 2684 corporo
1072 2609 1308 2670 Mommslium
1334 2611 1498 2685 viventes,

175 2696 235 2756 vel
259 2693 438 2768 Imagines.
478 2695 522 2766 (si
547 2693 615 2756 due
638 2692 790 2766 forsitan*
806 2695 1022 2769 excipiantur
1043 2695 1205 2772 speciem)
1243 2692 1406 2754 snimslin
1429 2713 1503 2758 ssn·

175 2782 285 2862 guise
305 2777 415 2839 cslido
438 2777 577 2856 prediti
602 2789 803 2856 pungentes,
829 2773 976 2856 liquores
999 2788 1034 2836 et
1056 2781 1255 2858 sanguinem
1276 2790 1409 2858 sugunt.

307 2895 403 2960 Obs.
432 2896 592 2956 Perverse
614 2893 757 2954 iorsitsn
786 2891 956 2954 videbitur
981 2889 1051 2954 hec
1075 2893 1251 2954 Generum
1275 2895 1311 2956 irs
1335 2913 1439 2956 onem
1455 2895 1503 2957 fs·

177 2981 313 3048 milium
336 2977 471 3042 euobis
495 2980 584 3040 iactr
607 2981 787 3056 congestio.
815 2978 952 3038 Etenim
975 2973 1086 3036 hecce
1107 2977 1241 3039 Genero
1265 2991 1298 3038 et
1324 2993 1506 3042 metamor·

176 3069 277 3150 phosi
302 3075 336 3124 et
359 3074 531 3124 structure
559 3083 633 3123 nse
658 3063 804 3123 invicem
826 3073 874 3122 sot
898 3061 997 3140 longe
1018 3061 1186 3134 recedere,
1221 3063 1322 3123 focile
1345 3069 1508 3144 conspici·

177 3166 240 3214 snr
273 3145 502 3229 Quamobrem
526 3147 577 3208 Cl.
600 3147 809 3216 Incestus,
838 3151 962 3206 Auctor
986 3145 1046 3204 ille
1082 3145 1505 3225 Familisrumprimnrius

178 3251 216 3298 es
240 3235 470 3304 felicissimus,
496 3251 537 3290 ex
572 3229 783 3308 paucioribus
803 3231 1018 3308 Hippobosce
1038 3230 1221 3307 speciebus,
1237 3249 1304 3290 non
1327 3231 1436 3294 solum
1452 3234 1500 3294 fe·

160 3304 313 3386 *mittem
337 3317 502 3378 diversam
533 3315 780 3390 (Coriscos)
825 3333 942 3374 verum
963 3315 1066 3374 etiem
1088 3317 1273 3376 sectionem
1297 3317 1506 3392 singularem

179 3401 547 3483 (Eprobosciden)
571 3399 734 3469 condidit,
765 3399 985 3480 Stomosydes
1007 3397 1044 3457 in
1064 3397 1192 3458 semilis
1208 3399 1503 3478 Conopsrrierum‚

180 3492 320 3552 Oestros
343 3497 457 3548 sutem
481 3487 517 3544 in
544 3483 674 3544 familie
701 3483 906 3556 Muscidum,
925 3483 1112 3561 specierum
1136 3493 1234 3542 soter
1258 3481 1358 3562 longe
1381 3485 1505 3548 ditissis

177 3594 246 3647 me,
271 3563 450 3634 collocans.
479 3567 573 3648 (vide
596 3565 768 3630 Consider.
800 3581 912 3642 gener.
952 3566 1044 3630 Poris
1066 3567 1165 3642 isto)
1190 3565 1362 3641 Ejusmodi
1388 3583 1505 3632 eutem

178 3657 459 3722 distributionem
498 3649 657 3714 methodo
680 3669 743 3710 nec
768 3651 940 3712 artiliciali
964 3669 1027 3711 nec
1051 3650 1200 3710 naturali
1226 3651 1304 3710 setis
1328 3665 1503 3718 consenta-

176 3763 282 3808 neam
307 3756 490 3801 censemus.
519 3739 616 3806 Nem,
641 3747 757 3814 preter
778 3737 920 3796 nimiam
947 3735 1144 3816 sectionum
1167 3735 1496 3814 dissimilitudinem,

181 3831 227 3908 (si
252 3841 434 3889 nnmerum
470 3823 658 3898 specierum
677 3821 830 3896 respicis)
863 3819 995 3880 obstant
1020 3821 1088 3898 ipso
1112 3820 1180 3880 oris
1198 3829 1381 3894 structure,
1408 3820 1503 3886 bobi-

176 3925 247 3984 tus,
275 3925 386 3972 mores
410 3915 443 3964 et
466 3901 754 3982 metamorphosis.
781 3903 836 3966 Sic
857 3904 892 3964 in
917 3903 1185 3966 conformatione
1212 3906 1361 3980 corporis
1386 3907 1503 3970 Genus

176 3999 362 4074 Stomosys
385 3989 427 4052 sd
448 3987 618 4054 Muscides
640 3989 779 4070 propius
813 3989 952 4068 secedit,
989 3987 1154 4070 quemad
1188 3987 1420 4072 Conopserios,
1446 3995 1505 4058 rix

1434 4097 1503 4152 mss
