3582 4892
1139 439 1198 531 37

151 649 276 712 semper
310 634 517 716 mysteriois,
557 632 666 695 serius
701 630 845 694 sibrissis
879 629 1075 698 instruitur.
1130 631 1213 704 Sttu
1248 644 1399 724 verticis,

148 713 301 792 thoracis,
340 721 476 782 scutelli
509 718 763 795 ebdominisque
790 713 979 776 crebriores
1001 715 1136 779 adsunt.
1181 713 1300 806 Corpus
1318 745 1406 806 91³⁸·

147 801 235 883 tqree‘
254 805 365 865 nitore
389 805 442 867 vel
464 803 577 866 elbido
600 801 655 862 vel
680 805 816 862 cinereo
836 797 1029 862 obducitur.
1074 801 1141 863 Hic
1162 817 1275 868 eutem
1298 815 1404 890 nitor,

168 888 198 942 ui
224 887 382 958 nsecules,
414 889 520 950 lineet
545 899 579 948 et
602 884 751 946 tesselies
774 885 910 957 formet,
944 903 1022 964 sepe
1046 885 1217 948 deteritur
1246 905 1279 950 et
1302 897 1403 974 perit,

145 901 236 1030 irrite
257 989 386 1049 semper
409 972 587 1052 spinuiosi.
628 965 782 1032 Atticm
804 967 966 1028 deflexu:
996 969 1144 1030 erticulo
1166 971 1289 1036 ultimo
1312 999 1403 1042 com.

145 1067 270 1128 presso„
297 1055 494 1130 sublioeeri,
529 1057 669 1132 reliquis
693 1053 858 1128 longiore.
906 1047 1048 1114 Directio
1073 1072 1254 1118 nervorum
1279 1061 1314 1120 in
1336 1063 1403 1128 aiis

144 1135 275 1214 duplex.
318 1141 455 1202 Etenim
476 1157 591 1202 nereus
610 1139 741 1232 quarm
765 1131 1001 1214 longitudinait's
1022 1135 1070 1198 vei
1092 1139 1278 1220 angulatim
1302 1165 1327 1206 s.
1342 1165 1397 1210 er.

143 1223 263 1278 tuatim
289 1242 400 1284 versus
424 1235 549 1286 cosroen
571 1223 758 1281 inflectitur
785 1217 892 1294 tireud
913 1219 1016 1278 eiiter
1040 1233 1139 1300 etque
1160 1227 1193 1282 in
1219 1223 1391 1312 Ticinus)

143 1301 187 1360 tr!
213 1305 386 1368 subrectus
418 1327 505 1387 pone
537 1307 668 1380 apicem
691 1303 747 1364 eir
771 1299 949 1360 descendit.
997 1303 1039 1361 Iu
1062 1306 1241 1384 Speciebus
1264 1323 1392 1390 eutem,

48 1391 55 1400 ’
143 1401 280 1460 quorum
304 1408 417 1453 nervus
439 1395 569 1476 quartus
590 1398 646 1448 eut
669 1385 829 1464 enguiutn
853 1395 910 1442 aot
934 1397 1145 1450 curvaturam
1169 1391 1302 1464 formet,
1334 1414 1394 1456 en·

140 1479 318 1532 renuerem
345 1487 414 1533 sete
438 1477 587 1553 piumste
610 1489 741 1548 semper
762 1469 865 1536 adest,
896 1485 1084 1547 nessusque
1108 1473 1238 1534 cesteiis
1261 1495 1394 1557 semper

140 1551 280 1616 brevior.
327 1559 475 1636 (Species
499 1559 592 1616 enim
615 1553 778 1630 ejusmodi
810 1551 907 1612 nervi
938 1557 1051 1632 quarti
1085 1556 1283 1632 directions,
1319 1575 1391 1628 sete

139 1649 247 1700 eutem
275 1639 363 1701 nude
389 1645 583 1710 instructos,
597 1641 643 1702 ,sd
662 1639 849 1700 Tsceruesr
871 1635 1068 1704 referimusi
1082 1641 1173 1702 -Ιιι
1195 1641 1387 1721 Speciebus,

141 1735 280 1796 querum
315 1743 437 1786 nervus
469 1723 600 1788 costeiis
624 1735 734 1786 totum
757 1719 960 1816 cleopiceto
983 1724 1102 1802 tingit,
1130 1742 1188 1788 ssu
1210 1743 1297 1803 pone
1318 1733 1391 1809 epi.

141 1823 209 1865 cem
240 1809 377 1876 desinit.
411 1829 488 1872 cum
514 1827 616 1868 nervo
640 1818 758 1886 querto
781 1817 988 1880 conpunctus,
1022 1819 1128 1870 serum
1148 1819 1389 1884 eutennsruet.

140 1889 235 1952 modo
259 1891 459 1972 plumatum,
487 1887 584 1955 inodo
605 1891 728 1952 nudem
753 1889 913 1952 iuvenies.

260 2023 450 2112 Dtffircsrtis
467 2045 562 2094 sescus
584 2039 622 2088 ut
642 2029 676 2088 in
699 2021 842 2088 Tocttso.
878 2024 995 2088 Plures
1017 2035 1130 2088 temen
1154 2029 1245 2090 inter
1260 2030 1397 2102 Muscas

137 2107 264 2169 videbis
287 2115 423 2188 species,
450 2130 592 2190 querum
616 2113 729 2174 Meros
751 2110 911 2168 oeulosin
929 2109 1057 2170 vertice
1080 2129 1215 2188 prorsus
1229 2111 1396 2182 cohereis.

137 2201 183 2252 tes
205 2191 347 2254 hebent.
382 2195 431 2262 Ad
451 2195 599 2256 colorem
615 2195 764 2272 corporis
785 2193 983 2270 clerumque
1003 2195 1092 2270 quod
1112 2199 1246 2266 attinet,
1271 2217 1392 2280 megae

138 2291 211 2337 seue
229 2280 326 2338 inter
338 2279 451 2340 Mores
467 2291 499 2338 et
515 2275 824 2352 chiuesejusdem
839 2277 971 2354 speciei
986 2275 1155 2338 interdum
1170 2291 1218 2340 cst
1230 2281 1391 2346 differen-

135 2361 188 2418 tis.
236 2362 386 2439 Ideoque
409 2363 648 2424 determinatio
677 2361 865 2446 specierum
890 2359 986 2418 vaide
1010 2359 1171 2434 difficilis,
1204 2367 1270 2424 nisi
1296 2379 1390 2429 uter-

136 2459 196 2520 que
218 2464 320 2506 sexus
342 2449 377 2506 in
402 2447 520 2526 copule
544 2443 751 2524 deprehendi
774 2453 894 2520 potest.
940 2441 1060 2504 Pieres
1088 2463 1219 2524 quoque
1249 2453 1389 2531 species,

134 2525 173 2586 e'b
204 2529 411 2592 Auctoribus
443 2532 638 2610 propositos,
670 2545 740 2589 nou
763 2543 832 2588 esse
855 2529 1032 2606 penninos,
1065 2538 1183 2610 utpote
1212 2545 1281 2610 que
1305 2534 1391 2598 elte.

135 2627 210 2674 suus
233 2615 336 2676 modo
357 2631 473 2676 sexum
496 2615 693 2694 respicient,
717 2611 796 2672 setis
819 2621 960 2671 constet.

263 2747 370 2814 Viciu
390 2751 552 2814 laruam
573 2751 696 2809 verius.
738 2747 780 2808 Ῑιι
804 2747 897 2823 equis
918 2745 1074 2823 putridis.
1110 2749 1145 2810 in
1169 2749 1392 2834 colluvieriis,

135 2831 170 2892 iu
193 2843 342 2894 stercore
367 2846 556 2906 versentur,
593 2831 646 2894 tel
676 2847 775 2894 cerus
796 2829 931 2909 putride
958 2832 1116 2892 victitent
1137 2833 1243 2899 larua.
1291 2842 1391 2904 stru.

135 2927 228 2976 cture
265 2935 396 2994 quoque
425 2917 595 2978 lerveruru
619 2935 686 2977 non
710 2915 866 2974 exomni
890 2924 985 2991 perte
1009 2917 1142 2994 similit,
1163 2921 1246 2982 iicet
1267 2921 1391 3006 Imegi.

134 3013 191 3058 nes
224 2999 379 3078 plurium
411 3005 599 3080 specierum
631 3011 680 3060 set
710 2997 837 3059 similet
870 3000 947 3060 sint.
994 2997 1104 3073 Hujus
1126 3014 1239 3064 eutem
1261 3011 1314 3071 rei
1336 3024 1394 3076 ses

135 3085 326 3160 perimente
345 3097 380 3146 st
400 3085 647 3148 observetiorses
667 3081 794 3162 pluries
814 3083 962 3159 repetite
983 3079 1093 3144 edhuc
1116 3081 1364 3154 deriderentur.

268 3217 443 3302 Dispositio
463 3209 651 3318 Specierunu
681 3239 698 3278 e
723 3191 872 3280 iissione
895 3217 993 3278 nervi
1015 3217 1146 3283 elerum
1169 3227 1280 3303 quarti
1301 3229 1390 3312 opti.

135 3320 189 3363 me
210 3307 367 3365 sumitur.
404 3301 506 3368 Serico
527 3307 631 3384 igitur
649 3303 742 3386 prior
758 3300 817 3376 sub
841 3320 874 3361 se
897 3300 1154 3392 comprehendit
1171 3311 1296 3383 species
1312 3328 1389 3374 ner·

136 3405 176 3446 vo
197 3401 317 3468 quarto
330 3385 383 3446 sel
395 3389 582 3468 angulatim
601 3387 656 3446 vel
676 3387 838 3448 erouetim
858 3385 960 3457 flexo,
986 3387 1020 3445 in
1033 3399 1156 3446 costem
1172 3409 1194 3446 ι.
1208 3391 1241 3448 in
1255 3393 1389 3470 epicem

122 3469 192 3534 ‚ric
211 3483 428 3548 excurrente,
452 3476 643 3532 instructas.
685 3469 726 3532 In
748 3468 798 3530 his
823 3468 973 3546 quedem
993 3465 1112 3532 Musca
1133 3469 1392 3560 Totiisq‘ormes

139 3573 279 3635 corpore
311 3555 563 3636 snbcylindrieo
588 3551 761 3634 oculisque
783 3553 882 3612 nudis
912 3553 948 3612 in
972 3565 1115 3630 utroque
1134 3571 1213 3615 seru
1236 3563 1389 3624 distenti.

137 3635 196 3698 bus
216 3639 372 3710 student,
396 3639 511 3718 rapide
536 3637 699 3710 volentes,
722 3640 758 3698 in
782 3638 907 3714 campis
923 3637 1040 3716 sepius
1054 3650 1245 3712 vertentes3
1271 3641 1388 3712 Stetit.

139 3715 333 3810 Vsidflugort
366 3735 437 3785 sete
460 3735 684 3786 eutennerum
709 3723 761 3780 vei
792 3719 953 3798 pinmete,
983 3719 1036 3780 vel
1056 3719 1167 3781 seltim
1189 3723 1230 3783 eb
1248 3743 1317 3786 uuo
1339 3728 1391 3791 le.

135 3812 209 3866 tere
231 3809 426 3870 brevissime
441 3797 559 3887 piicise,
581 3805 623 3865 eb
638 3805 743 3866 oculis
764 3803 849 3864 bens
873 3807 1007 3866 ermetis
1027 3803 1236 3878 observende,
1265 3813 1391 3874 instro.

138 3897 207 3949 ctos.
251 3891 337 3952 Alie
358 3904 437 3953 sunt
471 3889 590 3956 Musca
613 3885 797 3974 familiares
832 3905 971 3964 corpore
1010 3899 1116 3958 oveto,
1157 3901 1387 3964 entenuerum

135 3985 204 4035 sete
232 3977 393 4037 distincte
416 3973 582 4052 plusnete,
614 3973 787 4046 oculisque
809 3973 845 4032 iu
868 3989 961 4031 mere
989 3973 1026 4032 in
1051 3971 1186 4034 terdum
1209 3979 1311 4058 magis
1331 3997 1388 4058 ep·

131 4061 329 4133 proximetis
349 4059 505 4144 perdito,
536 4057 579 4122 ed
608 4055 781 4126 domicilie
804 4055 1016 4140 potissimum
1035 4067 1219 4138 verrentes,
1241 4077 1260 4126 s
1279 4079 1390 4148 reguo
