3582 4892
497 419 545 490 ¹⁶
1766 433 1768 586 l

514 597 790 682 Nycteribia
824 597 924 664 Fran.
954 601 1068 662 Genus
1104 601 1140 660 in
1176 601 1398 679 Dipterorum
1438 597 1559 660 Ordine
1579 596 1666 664 Lara.

381 681 558 756 ultimum,
583 681 794 762 Hippoboscae
817 686 918 746 ovinae
958 687 1059 747 aliiue
1099 687 1192 762 (vide
1228 686 1501 748 Considerations
1523 683 1669 759 generales

380 788 437 828 sur
462 768 596 830 l'Ordre
620 770 752 827 naturel
777 768 832 828 des
857 768 1043 840 Crustncds,
1094 771 1149 829 des
1175 769 1379 829 Arachnides
1403 782 1436 827 et
1459 769 1512 826 des
1535 769 1668 836 lnsectes,

380 869 443 930 par
483 856 517 914 P.
546 859 582 912 Α.
609 854 817 921 Incurrere,
849 854 940 916 Paris
977 853 1072 928 ¹8¹0)
1111 855 1255 930 speciem
1286 857 1421 914 unicam
1463 850 1670 909 haetenusco·

379 938 521 1012 gnitam,
548 947 710 1013 emerem,
742 933 958 1010 hexapodum,
996 939 1105 1013 capite
1129 936 1331 1013 tlroraceque
1355 937 1471 1003 unitis.
1491 951 1604 1010 organo
1625 951 1670 990 au·
1767 935 1768 950 ¹

380 1031 453 1076 tem
475 1022 543 1079 oris
567 1023 714 1078 suctoriu
737 1017 1001 1080 baustellifurmi
1025 1024 1240 1088 instructam,
1262 1018 1543 1096 metamorphosin
1567 1020 1615 1075 vix
1632 1016 1672 1074 ul·

378 1101 450 1162 lam
483 1101 694 1169 subeuntem,
738 1103 984 1180 complectitur.
1024 1139 1065 1152 -
1113 1107 1151 1165 N.
1193 1103 1558 1184 vespertilionis
1591 1099 1667 1159 Febr.

379 1188 475 1251 Antl.
502 1197 571 1264 350.
603 1209 631 1256 i.
673 1188 763 1248 Lotr.
790 1190 874 1248 Gen.
917 1187 981 1246 lus.
1008 1207 1038 1267 4.
1065 1189 1138 1266 364.
1171 1199 1193 1248 t.
1225 1205 1271 1266 15.
1309 1189 1332 1248 f.
1359 1207 1406 1251 rr.
1448 1189 1567 1247 Acarus
1589 1183 1667 1242 Fabr.

377 1271 456 1338 Eut.
486 1285 562 1350 syst.
588 1295 615 1348 4.
641 1289 770 1346 42922
799 1270 1032 1334 Phthiridium
1055 1273 1232 1333 Hermann
1266 1265 1342 1349 sipt.
1369 1291 1436 1336 120-
1465 1292 1491 1331 r.
1525 1267 1674 1343 Hippobo·

381 1374 433 1416 sca
459 1357 559 1430 Voigt
586 1358 673 1429 Mag.
703 1355 731 1412 6.
762 1373 779 1430 5
819 1375 844 1416 1.
878 1356 1055 1416 Pediculus
1078 1357 1175 1416 Linn.
1204 1357 1262 1415 Fn.
1292 1373 1378 1434 rq4r.
1411 1355 1446 1413 in
1476 1350 1674 1429 vespertilio·

381 1459 426 1498 ne
450 1443 587 1498 murino
621 1437 786 1497 habitans.
813 1471 854 1485 -
901 1435 989 1498 Huic
1015 1451 1129 1498 autern
1154 1441 1283 1517 Speciei
1308 1440 1432 1508 locum,
1456 1455 1523 1494 una
1545 1453 1613 1506 cum
1633 1451 1676 1508 ge·

380 1522 521 1582 neribus
548 1527 731 1582 Acarorum
757 1521 1062 1600 Pediculorumque
1079 1525 1173 1584 Ltus.
1199 1525 1234 1581 in
1259 1525 1445 1601 systemate
1469 1519 1676 1578 Antliatoruni

381 1607 570 1684 adsignavit
596 1605 781 1666 Formosus.
833 1609 875 1664 At
898 1624 1020 1684 genera
1046 1605 1111 1669 hac
1128 1610 1243 1677 citata‚-
1267 1609 1302 1665 in
1325 1607 1422 1682 plura
1439 1603 1623 1670 distributa,
1643 1600 1674 1658 ad
1767 1611 1768 1650 Τ

380 1690 524 1750 familias
549 1689 734 1767 peculiares
763 1691 798 1749 iu
823 1689 1235 1752 Classelnsectorum
1277 1692 1409 1750 redacta
1445 1686 1539 1768 (vide
1560 1687 1674 1747 Genera
1767 1719 1768 1744 l

380 1775 488 1834 Crust.
513 1787 546 1832 et
571 1774 691 1831 Insect.
721 1775 822 1832 Licin
859 1775 949 1833 Paris
977 1777 1149 1851 1805-9)
1189 1793 1276 1832 anno
1313 1773 1548 1848 subsequente,
1586 1767 1672 1847 (facta

378 1857 537 1918 ulteriori
561 1857 795 1932 disquisitione
819 1861 1006 1917 anatomica
1026 1860 1064 1934 ?)
1106 1860 1139 1917 iu
1165 1877 1283 1917 novam
1307 1855 1517 1918 Animalium
1534 1852 1672 1922 Classem,

379 1941 643 2000 Arachnida
681 1941 815 2009 dictum,
854 1941 963 2008 corde,
997 1939 1140 2001 trocheis
1174 1940 1377 2018 pedibusque
1400 1940 1578 2017 preditam,
1602 1934 1669 2014 (vid.

381 2026 504 2084 Consid
539 2042 650 2099 gener.
674 2027 729 2083 cit.
762 2043 789 2102 p.
814 2031 897 2102 ¹105)
938 2027 1126 2084 introduxit
1152 2027 1359 2094 Lacaarece,
1382 2019 1674 2101 Nycteribiani

378 2120 494 2167 tamen
518 2109 609 2166 inter
634 2109 766 2178 insecta
799 2108 939 2186 Diptera
968 2111 1266 2168 adnumerans-
1311 2111 1428 2182 Neque
1451 2104 1603 2164 omnibus
1623 2101 1677 2178 pla·

380 2192 471 2251 cebit
494 2192 614 2251 divisio
637 2191 696 2252 illa
716 2192 933 2266 Dipterorum
958 2193 992 2252 in
1016 2205 1083 2251 tres
1104 2195 1286 2262 sectiones,
1308 2210 1448 2268 quarum
1473 2191 1579 2266 prima
1596 2187 1675 2247 Pro·

379 2276 600 2337 boscirlca
643 2274 818 2351 plerasque
854 2277 978 2352 species
1024 2277 1191 2353 dipteras3
1239 2275 1385 2335 secunda
1430 2270 1676 2350 Eprobosei·

291 2435 295 2442 ι
379 2355 466 2429 dea,
513 2360 728 2439 paucissimas
756 2371 789 2417 et
811 2359 866 2416 vix
897 2361 963 2418 nisi
995 2362 1095 2418 unius
1133 2361 1295 2430 Generis3
1342 2359 1446 2416 tertia
1492 2352 1676 2417 Phthiro·

378 2448 507 2523 myia‚
536 2446 591 2514 vix
615 2445 681 2510 nisi
705 2445 839 2502 unicam
862 2446 1007 2520 speciem
1030 2443 1193 2506 continet.
1227 2446 1298 2505 Nec
1321 2440 1475 2504 omnibus
1498 2440 1603 2498 facilis
1624 2437 1677 2494 erit

380 2529 586 2605 disquisitio,
616 2528 709 2602 cujus
735 2546 796 2603 ope
820 2531 990 2602 prasentia
1014 2528 1121 2586 cordis
1146 2530 1181 2586 in
1213 2523 1425 2586 animalculis
1459 2522 1676 2583 minutissimis

378 2614 489 2688 detegi
513 2613 623 2688 possit.
651 2611 879 2688 Quamobrem
902 2622 936 2668 et
961 2610 1204 2689 Nycteribiam‚
1222 2613 1377 2682 sicarum,
1402 2619 1436 2666 et
1459 2608 1591 2684 reliqua
1605 2604 1674 2676 ejus·

380 2698 458 2756 dem
484 2707 656 2756 structura
678 2713 813 2769 genera,
837 2696 878 2752 ad
899 2706 1048 2754 veterem
1086 2694 1247 2753 Ordinem
1284 2697 1566 2769 Apterorum‚
1601 2687 1677 2758 adie-

380 2784 442 2840 ctis
466 2779 755 2838 emendationibus
777 2781 982 2848 necessariis,
1021 2779 1149 2838 referre
1188 2778 1290 2839 satius
1320 2777 1484 2835 ducimus.
1534 2778 1677 2834 Preterea

381 2866 473 2922 inter·
497 2861 702 2920 haustellum
729 2865 947 2938 Dipterorum
987 2873 1019 2919 et
1051 2881 1195 2938 organon
1222 2864 1421 2937 Apterorum
1463 2854 1678 2916 haustellilor·

381 2966 448 3014 me,
491 2965 646 3022 magnum
671 2949 833 3004 interesse
856 2947 1050 3022 discrimen,
1082 2964 1142 3027 pru
1165 2946 1382 3027 dispositione
1406 2942 1617 3022 systematiea
1635 2936 1679 2998 dt·

382 3029 583 3106 finiendum,
613 3032 691 3092 satis
713 3041 852 3092 constat.
