3756 4900
620 1009 1065 1108 EttttDtAE.

181 1291 570 1440 Heustelium
620 1377 829 1436 exserurm.

184 1505 444 1572 butenae
491 1496 639 1586 breves,
696 1501 891 1590 porrecta,
941 1489 1210 1592 particulare,
1250 1495 1362 1595 spice
1403 1501 1493 1574 sesi·

312 1617 426 1694 gere.

180 1739 385 1826 Corpus
431 1731 658 1828 oblongum,
694 1725 1050 1830 subcyliadr'icums
1089 1731 1239 1804 elerum
1264 1737 1391 1808 nervis
1409 1737 1493 1810 lon·

184 1860 189 1870 ·
307 1823 589 1928 gitudinalibue
618 1857 742 1924 usque
770 1835 816 1904 ad
844 1835 995 1926 apicem
1021 1835 1211 1924 extensis3
1260 1857 1349 1908 area
1373 1857 1493 1934 angu-

305 1937 381 2006 leri
403 1957 601 2028 nervoque
626 1936 804 2008 interiori
840 1937 1044 2030 marginali
1073 1935 1133 2004 vix
1160 1937 1265 2012 utus.

329 2117 495 2196 Corpus
543 2119 672 2198 saepius
691 2135 844 2196 parrum,
877 2117 994 2178 conico
1008 2115 1272 2198 mplindricum,
1292 2121 1425 2198 parcius
1439 2125 1491 2198 pi·

174 2201 313 2266 losum.
360 2201 501 2280 Caput
535 2203 725 2282 globosum:
759 2203 866 2262 oculis
889 2203 1057 2272 maximis,
1085 2201 1300 2274 lateralibus3
1326 2203 1490 2264 intersti-

175 2291 236 2350 tio
261 2287 422 2347 verticali
458 2287 494 2346 iu
520 2286 680 2348 Masculis
704 2283 810 2356 nullo.
852 2287 887 2344 in
923 2286 1070 2346 Feminis
1093 2299 1282 2364 angustato,
1316 2289 1490 2352 interdum

176 2375 246 2434 rix
278 2369 506 2434 discernibili.
530 2371 731 2452 Clypeus
765 2381 936 2448 angustus,
966 2369 1084 2430 nudus.
1110 2369 1401 2434 Haustellum
1432 2393 1490 2434 ex·

175 2469 331 2528 sertum,
352 2473 528 2528 corneum,
553 2453 701 2514 lamellis
719 2451 953 2532 vagimaribus
977 2452 1089 2514 saltim
1111 2453 1212 2528 binis,
1242 2469 1276 2516 at
1296 2455 1491 2534 proboscide

177 2559 309 2622 parum
338 2541 516 2620 perspicua
534 2539 765 2602 instructum?
814 2535 939 2614 l'alpi
972 2535 1098 2608 breves,
1133 2537 1173 2598 ad
1209 2537 1301 2600 basin
1325 2537 1488 2606 haustelli

188 2623 320 2686 inserti
369 2625 600 2698 intersitae
635 2623 746 2702 eapite
770 2639 838 2680 nou
866 2619 1053 2699 longiores:
1093 2621 1237 2684 articulo
1259 2621 1383 2684 ultimo
1405 2625 1488 2688 reli·

190 2709 267 2790 quis
286 2707 457 2784 longiore,
480 2709 517 2768 in
533 2719 640 2768 setam
663 2707 853 2784 saepissime
873 2703 1071 2782 capillarem
1091 2705 1277 2766 desinente.
1304 2705 1487 2772 Tborax

179 2795 296 2872 capite
321 2791 437 2866 latior,
464 2803 590 2864 oratus,
631 2791 766 2872 gibbus:
815 2787 1019 2850 scutelle
1060 2790 1488 2858 semirotundato.abdm

166 2897 282 2942 men
322 2873 462 2936 thorace
483 2877 665 2954 angustius,
695 2873 846 2952 longius,
886 2871 1126 2952 cylindrum,
1151 2877 1186 2935 in
1223 2875 1359 2936 leminis
1382 2879 1488 2954 posti.

160 2985 210 3028 ce
236 2971 484 3030 attenuatum
523 2961 703 3036 segmentis
740 2959 855 3018 saltim
887 2975 948 3016 sex
976 2969 1109 3034 praeter
1133 2957 1244 3019 analia
1265 2962 1484 3038 instructum,

158 3055 371 3130 segmenta
408 3055 521 3104 autern
544 3043 688 3104 dorsalia
720 3041 810 3102 inira
831 3041 936 3100 latera
961 3039 1150 3102 abdominis
1175 3061 1254 3104 cum
1277 3045 1486 3110 neutralibus

153 3134 456 3210 conjunguntur.
501 3127 637 3188 Pedes
667 3125 780 3190 validi.
805 3125 975 3186 interdum
999 3125 1195 3186 incrassati:
1218 3127 1372 3187 articulis
1396 3151 1488 3194 coxae

149 3215 364 3296 ‘longetia
412 3211 520 3272 Alae
555 3209 800 3282 incumbentes,
823 3207 1028 3286 marginibus
1046 3213 1149 3288 magis
1171 3211 1327 3270 minusve
1348 3213 1505 3292 cilina..

150 3299 365 3372 abdomine
386 3295 563 3372 longiores.
588 3297 624 3354 in
646 3295 776 3355 diverso
817 3311 899 3352 sexu
938 3291 1112 3352 interdum
1154 3294 1379 3370 inaequaliter
1414 3318 1485 3364 am.

146 3395 256 3480 plae.
315 3379 530 3445 Directio
568 3395 810 3440 nervorum
848 3377 883 3434 in
906 3373 968 3434 alis
999 3377 1100 3448 varia,
1125 3395 1187 3436 nec
1217 3379 1251 3437 in
1274 3379 1485 3462 singuloge.

143 3493 249 3544 „ere
279 3465 394 3546 plane
416 3461 554 3532 similis3
585 3481 715 3539 semper
752 3473 865 3520 tamen
899 3457 1086 3536 simplicior
1109 3477 1206 3536 quam
1240 3463 1275 3521 in
1310 3461 1483 3546 Tabaniis,

142 3547 424 3644 xylophagein
439 3543 711 3618 Anthraeidibus,
737 3541 959 3622 Bombylariis
983 3555 1016 3602 et
1043 3543 1187 3604 Asilieis.
1216 3547 1383 3608 Nervus
1399 3539 1485 3616 '‘au.

142 3635 368 3714 :iliaris
406 3629 448 3690 ed
473 3644 600 3692 costam
627 3631 756 3710 saepius
779 3629 881 3704 longe
905 3625 1088 3698 descendit,
1118 3627 1227 3688 Area
1262 3629 1484 3700 discnida·

140 3737 208 3800 lis
260 3737 349 3784 non
372 3715 440 3775 nisi
462 3715 746 3791 unicaregnlaris
767 3713 870 3782 adest,
907 3727 949 3768 ex
974 3728 1037 3788 qua
1059 3711 1112 3770 vel
1132 3723 1200 3772 tres
1219 3713 1276 3771 rel
1302 3715 1368 3776 duo
1403 3737 1483 3782 ner.

137 3817 240 3884 wli·
268 3803 321 3866 ad
364 3801 553 3864 mareinem
591 3799 790 3859 interiorem
813 3805 968 3862 exeunt3
1004 3795 1093 3854 stin
1117 3793 1375 3874 Tachpdrorniis
1399 3799 1482 3866 haee

136 3919 229 3980 με.
256 3889 382 3956 abest.
427 3883 649 3948 Halteres
676 3881 814 3958 clavati,
839 3891 993 3960 squamae
1025 3875 1086 3940 sub
1110 3879 1175 3942 alis
1193 3881 1398 3946 rudimento.

1385 4033 1482 4102 nit·
