3596 4896
516 390 540 460 6
574 341 578 350 ,

391 571 516 646 dentis,
536 579 570 630 at
592 565 780 649 quadruplo
803 566 875 629 fere
897 568 1020 640 minor,
1055 563 1212 633 Tachinae
1245 569 1370 632 minori
1410 567 1498 637 band
1521 579 1682 644 dissimilis.

392 691 434 705 -
462 657 567 716 Frons
600 669 740 729 exserte,
766 655 991 714 albo-cornea.
1036 654 1118 716 Setos
1136 657 1327 732 mystacinae
1359 665 1537 735 pauciores,
1579 667 1688 726 versu

392 741 646 808 subflavescens.
673 752 808 799 setosus.
830 738 929 797 Oculi
952 750 1094 813 utroque
1119 737 1155 797 in
1178 758 1258 797 sexu
1280 739 1456 814 distantes‚'
1489 759 1522 806 at
1545 749 1580 807 in
1612 770 1690 810 mere

390 829 575 904 propiores.
601 821 818 884 Haustellum
840 824 987 899 nigrum,
1031 825 1124 898 apice
1162 833 1360 894 testaceum,
1401 829 1539 890 dimidio
1572 853 1691 912 corpore

391 908 535 987 longius,
561 910 630 968 basi
653 910 894 986 geniculatum.
919 909 955 967 in
980 908 1089 966 medio
1113 904 1288 982 plicatum.
1319 909 1414 992 Palpi
1433 914 1561 988 pallidi,
1578 918 1690 996 longius

392 1000 517 1054 exserti
541 1012 638 1070 quam
662 997 697 1053 in
722 995 769 1055 St.
798 991 944 1051 siberits.
975 993 1134 1052 Antennae
1149 991 1357 1064 subuertere,
1385 993 1451 1056 basi
1474 1011 1629 1065 testaceo:
1650 1023 1692 1063 sr-

391 1077 499 1136 ticulo
524 1078 646 1137 ultimo
669 1081 828 1148 maximo,
853 1087 923 1134 seta
945 1075 1070 1135 dorsali
1112 1094 1230 1148 crassa,
1257 1077 1357 1136 nuda.
1395 1082 1694 1166 Corpussubcylin·

393 1161 535 1226 dricurn.
560 1165 745 1233 cinereum,
783 1162 1056 1232 nigro-cetorum,
1094 1159 1282 1221 abdominis
1305 1163 1466 1227 lateribus
1489 1182 1523 1229 et
1543 1171 1695 1232 interdum

394 1244 464 1305 basi
488 1246 556 1305 late
580 1243 944 1323 testaceo-diapbanis.
964 1245 1083 1301 variar
1103 1256 1216 1303 tamen
1233 1248 1341 1305 rarius
1365 1247 1541 1312 abdomine
1566 1256 1696 1314 unicolo-

391 1349 441 1400 τε,
468 1342 501 1389 et
526 1351 594 1390 ano
615 1333 721 1409 nigro.
753 1331 933 1407 Segmenta
957 1329 1110 1402 margine
1150 1340 1264 1388 setosa.
1293 1330 1396 1390 Pedes
1426 1341 1576 1410 testacei,
1600 1343 1696 1417 nigro·

392 1418 518 1474 setosis
550 1419 648 1475 tarsis
673 1417 791 1492 nigris.
841 1414 906 1476 rilae
927 1410 1092 1490 hyalinre:
1126 1430 1230 1472 nervo
1257 1412 1635 1498 longitudinali··quarto
1656 1426 1696 1483 in·

393 1511 533 1559 curvato
568 1505 618 1580 (at
642 1502 677 1558 in
701 1499 864 1574 angulum
887 1516 955 1556 uon
979 1497 1103 1574 fracto)
1141 1516 1216 1556 cum
1240 1515 1343 1558 nervo
1366 1502 1482 1562 costali
1518 1507 1554 1564 in
1588 1525 1695 1567 summo

393 1583 450 1644 alre
472 1585 565 1662 apice
589 1583 782 1660 conjuncto,
813 1582 973 1642 similiter
994 1592 1093 1660 atque
1113 1581 1150 1639 in
1180 1581 1299 1642 Musca
1321 1587 1509 1648 meridiana
1530 1603 1564 1650 et
1585 1593 1697 1653 cadere·

394 1669 479 1728 rina.
515 1666 798 1746 Metamorphosis
822 1669 946 1743 ignota.

497 1817 538 1864 ¹⁸¹*
580 1813 876 1879 Haustellum
909 1817 1057 1893 capite
1102 1828 1380 1897 pectoreque
1412 1816 1612 1890 brevius.

927 1900 1196 1980 (Sanguisugae.)

399 2091 437 2164 5.
479 2072 513 2144 S.
544 2072 820 2142 calcitrans
860 2072 1024 2156 cinerea,
1059 2071 1217 2140 thorace
1252 2071 1396 2144 lineato
1435 2073 1702 2170 abdominequt

513 2173 936 2269 nigro-submaculat03
980 2174 1104 2269 palpis
1133 2174 1300 2244 intrans
1341 2179 1562 2255 occultatis.

461 2339 465 2346 ·
537 2307 635 2368 ΜΠ·
665 2306 759 2366 intl-
785 2315 856 2374 280·
882 2323 911 2380 5·
945 2305 1122 2382 lint-ust-
1147 2325 1177 2384 4·
1207 2322 1328 2385 sust·
1372 2309 1501 2387 Conops
1527 2312 1627 2377 trun.
1654 2309 1702 2371 sn.

408 2404 499 2468 ¹90⁰·
521 2391 571 2452 De
596 2393 696 2453 Geer.
724 2392 792 2451 Ins.
819 2394 847 2454 6.
868 2401 916 2463 78.
951 2401 973 2450 t.
998 2409 1026 2466 4.
1052 2390 1076 2448 f.
1101 2408 1150 2452 12.

532 2510 623 2570 Mas
657 2518 691 2565 et
714 2505 822 2566 Fem.
857 2506 1047 2567 Parietibus
1079 2504 1288 2566 stabulorum
1310 2507 1470 2582 insidens,
1493 2509 1702 2585 menseblajo

403 2593 588 2671 frequens3
625 2603 660 2651 at
696 2605 812 2650 mense
849 2592 994 2668 Augusto
1037 2590 1259 2666 frequentior.
1319 2593 1527 2670 Sanguinem
1566 2613 1701 2674 pacorum
1777 2619 1778 2640 i

404 2695 636 2758 equorumque
660 2685 757 2752 sugit.
800 2675 999 2751 Hospitatur
1023 2692 1153 2752 quoque
1173 2676 1207 2733 in
1230 2674 1392 2745 domibus.
1423 2678 1522 2739 tibias
1547 2679 1703 2742 bominum

406 2764 590 2842 ingruente
615 2760 1115 2838 pluviapresertimpungens.
1154 2756 1311 2820 Svethice
1355 2761 1699 2834 igiturStick.f1u.
1777 2781 1778 2851 p

408 2863 466 2924 ga.
499 2881 540 2894 -
582 2841 782 2920 Magnitudo
800 2845 920 2905 Muscae
942 2843 1137 2913 domestice,
1162 2844 1259 2921 eique
1280 2854 1330 2901 sat
1355 2844 1483 2926 similis.
1512 2843 1703 2908 Fronshaud

409 2943 554 2998 exserta,
580 2928 704 3004 pallide
727 2929 1031 2988 cinereo-micans.
1057 2929 1225 3005 Mystaces
1249 2938 1281 2984 et
1306 2932 1570 2992 setaeverticales
1587 2933 1699 2992 adsunt

407 3013 627 3076 Haustellum
650 3011 812 3081 validum,
835 3014 981 3094 nigrum,
1008 3013 1165 3079 nitidum,
1195 3010 1262 3070 basi
1293 3012 1521 3086 incrassatum,
1558 3016 1702 3096 cylindri·

411 3119 501 3172 curn,
527 3100 619 3177 apice
641 3098 755 3174 paullo
780 3098 956 3167 inflexum,
974 3097 1081 3171 capite
1106 3094 1209 3172 duplo
1232 3095 1363 3170 longius
1411 3099 1507 3176 Pelpi
1542 3099 1705 3169 flavifili.
1776 3089 1777 3108 ¹

411 3186 549 3256 formes,
574 3183 683 3260 pilosi,
711 3180 878 3240 haustello
902 3192 1047 3239 retracto
1074 3182 1163 3239 intra
1203 3199 1236 3237 os
1259 3183 1398 3239 omnino
1422 3184 1557 3244 occulti.
1595 3185 1704 3242 Vertex

411 3269 543 3330 macula
567 3269 692 3345 duplici
718 3266 941 3338 nigro-nitida
963 3275 1112 3322 rotatur.
1139 3266 1300 3325 Antennae
1324 3262 1466 3338 deflexo,
1491 3270 1615 3346 nigrae:
1649 3278 1707 3326 seta

411 3353 633 3431 subplumata.
674 3350 773 3410 Oculi
797 3349 968 3416 distantes,
996 3349 1030 3406 in
1054 3366 1146 3406 mare
1169 3359 1281 3406 tamen
1307 3351 1475 3424 propiores
1499 3371 1597 3428 quam
1619 3354 1652 3410 iu'
1668 3351 1706 3407 ie·

409 3441 512 3499 mina.
550 3435 687 3495 Thorax
731 3434 879 3493 breviter
901 3433 1036 3509 pilosus.
1061 3429 1220 3491 lateribus
1258 3443 1395 3504 setosus,
1429 3439 1595 3508 cinereus,
1624 3435 1703 3494 dorso
1775 3455 1776 3488 4

411 3519 697 3599 quadrilineatus:
736 3517 1101 3591 lineisniero-nitidis‚
1139 3517 1274 3575 extimis
1306 3517 1515 3596 interruptis.
1551 3519 1706 3580 Abdomert

411 3610 468 3665 vir
493 3615 650 3674 sctosum,
678 3606 869 3662 cinereum:
908 3601 1047 3660 maculis
1072 3622 1089 3661 a
1113 3611 1147 3657 et
1169 3619 1186 3661 2
1212 3602 1224 3670 (
1236 3599 1424 3672 interjectis
1446 3623 1524 3683 sirpe
1545 3624 1562 3666 2
1586 3604 1703 3678 mediis)

411 3690 639 3754 nizro-fuscis.
664 3708 740 3748 raro
763 3687 926 3746 obsoletis.
961 3686 1092 3745 Venter
1115 3686 1150 3742 in
1174 3685 1257 3743 viris
1280 3683 1331 3741 vel
1357 3684 1478 3747 lividus
1500 3689 1550 3747 rel
1570 3686 1705 3763 pallidus.

411 3776 518 3839 Pedes
551 3791 680 3849 semper
715 3774 817 3844 nigri,
860 3773 977 3830 setosis
1014 3769 1163 3846 genubus
1203 3767 1426 3829 subtestaceis.
1468 3771 1534 3834 Ale
1565 3769 1705 3850 hyalinrr

410 3880 517 3923 nervo
551 3857 668 3924 longit.
696 3869 815 3932 quarto
841 3857 1017 3914 incurvato
1038 3857 1075 3913 in
1102 3869 1230 3910 summo
1255 3852 1311 3914 ale
1332 3854 1424 3930 apice
1446 3874 1520 3916 cum
1543 3873 1642 3914 nervo
1663 3873 1705 3912 co-

412 3943 490 4004 stali
516 3942 714 4012 conjuncto,
734 3941 893 4001 similiter
916 3951 1016 4016 atque
1040 3941 1074 3997 in
1099 3939 1147 3998 St.
1173 3937 1375 4010 geniculata.
1411 3939 1551 4015 Squama
1575 3937 1706 4015 duplici·

412 4039 461 4097 ta,
485 4028 654 4093 distincta,
680 4025 767 4102 alba,
801 4026 926 4095 cibata.
973 4024 1116 4088 Larsa
1149 4023 1187 4084 in
1218 4032 1364 4082 stercore
1382 4038 1540 4102 pecorum
1560 4022 1706 4087 verisimi·
1774 4019 1775 4024 ’

413 4110 497 4172 liter
519 4112 622 4174 vitam
644 4109 746 4189 degit.

1679 4201 1705 4266 4
1773 4283 1774 4292 .
