3788 4912
500 399 691 472 is·
1097 403 1183 457 ²¹¹¹-

501 608 683 688 eademque
706 604 750 664 sit
768 601 913 682 species,
936 598 1085 682 quamvis
1107 595 1269 662 hirsuties
1310 602 1347 663 iu
1368 603 1495 664 nostris
1519 603 1708 668 individuis
1728 626 1792 670 cre-

501 696 594 758 brior
616 705 651 774 et
681 689 881 751 evidentior.
1140 699 1145 705 ·

492 841 539 924 ⁵2.
580 851 630 924 D.
665 842 909 916 lateralis
955 842 1079 937 niger,
1130 841 1345 916 abdominis
1389 857 1599 936 segmento
1632 842 1794 917 secundo

613 948 810 1038 tertioque
855 946 898 1022 in
943 968 1048 1016 mare
1083 943 1164 1016 fera
1194 949 1286 1018 totis
1310 947 1549 1037 lineolisqne
1575 946 1736 1036 posticis
1759 948 1795 1016 in

612 1065 899 1140 utroque‘seru
915 1046 1141 1152 lateralibus
1167 1047 1421 1140 opaco-albim
1463 1047 1638 1140 pedibus
1663 1049 1789 1142 nigris,

610 1151 885 1225 immaculatis.

630 1274 633 1282 ¹
673 1282 815 1348 Habitat
850 1283 886 1342 in
923 1275 1041 1344 Svecia
1072 1283 1240 1362 superiori
1283 1281 1324 1345 D.
1350 1245 1546 1365 ¹Gylleuhal
1592 1291 1628 1343 et
1701 1315 1713 1328 ·

988 1359 1015 1428 J.
1048 1365 1099 1426 W.
1127 1361 1290 1434 ..Dalurarn

579 1487 656 1552 Mas
693 1498 727 1546 et
761 1483 849 1546 Fau.
890 1482 1043 1544 Dioctria
1066 1484 1231 1562 ssavipede
1269 1504 1338 1544 non
1384 1483 1533 1564 longior,
1562 1496 1598 1545 at
1622 1485 1787 1546 robustior.

498 1576 609 1654 Caput
626 1572 816 1650 nigricans:
868 1567 983 1627 fronte
1003 1585 1164 1640 convexa,
1189 1571 1432 1644 cinerescente,
1464 1569 1571 1630 barba
1594 1571 1702 1651 nigra.
1734 1573 1787 1630 An·

497 1675 622 1722 tannae
648 1656 775 1734 nigrae.
822 1649 1041 1714 Haustelluru
1061 1671 1184 1732 parurn
1207 1657 1411 1732 prominens.
1451 1653 1595 1718 Thorax
1619 1657 1716 1734 niger
1740 1673 1787 1730 pu·

496 1743 647 1816 berosus,
669 1735 866 1798 maculatim
912 1733 1109 1814 grisescens,
1143 1735 1239 1798 dorso
1279 1735 1497 1798 sublineatus.
1549 1737 1726 1800 Abdomen
1746 1739 1787 1796 ni·

498 1846 611 1910 grum,
633 1824 783 1885 nitidum
804 1817 995 1900 pubescens.
1015 1823 1236 1898 segmentum
1257 1822 1406 1901 primum
1428 1821 1534 1884 breve
1559 1823 1721 1904 nigrurn;
1749 1841 1787 1880 se·

500 1911 650 1976 cundum
672 1920 706 1968 et
728 1908 872 1967 tertium
893 1901 930 1964 in
960 1905 1115 1966 masculis
1138 1906 1230 1986 alba,
1264 1925 1378 1986 opaca,
1412 1906 1549 1985 reliqua
1572 1911 1734 1986 utrinque
1755 1905 1787 1964 li·

498 1997 600 2062 neela
621 1993 753 2068 alba,at
775 1992 811 2052 in
832 1989 967 2050 leminis
990 1991 1103 2052 omnia
1125 2003 1297 2070 segmenta
1319 1991 1452 2052 macula
1484 1991 1564 2054 alba
1586 1991 1721 2054 laterali
1738 2010 1785 2050 no·

498 2095 626 2147 tantur.
671 2077 785 2140 Gauda
806 2077 934 2148 obtusa,
955 2071 992 2134 in
1014 2094 1107 2136 mare
1130 2074 1267 2148 inflexa,
1297 2073 1424 2155 glabra,
1456 2094 1609 2151 cornea,
1645 2080 1681 2138 in
1702 2073 1783 2136 feuri-

499 2189 545 2234 na
564 2177 721 2236 retracta,
745 2174 860 2222 setosa.
906 2159 1011 2220 Pedes
1032 2160 1134 2237 nigri,
1177 2159 1343 2240 spinulosi
1381 2172 1430 2218 et.
1457 2157 1596 2238 pilosi:·
1618 2161 1783 2221 femoribus

501 2253 617 2316 subtus
639 2243 881 2328 griseo-pilosis
915 2242 1000 2322 (nou
1023 2241 1184 2324 ciliatis);
1220 2245 1311 2304 tibiis
1348 2242 1503 2304 omnibus
1538 2249 1656 2318 rectis,
1679 2241 1781 2304 enticis

499 2343 592 2402 intus
616 2323 770 2406 cinereis,
795 2327 1016 2408 ipinaapicis
1052 2325 1258 2392 distinctiori
1281 2327 1388 2390 nulla.
1419 2315 1693 2393 Halteresilavi.
1714 2327 1780 2390 sue

435 2435 437 2440 '
500 2420 678 2486 abdomine
699 2435 770 2478 nou
790 2411 970 2494 longiores,
995 2411 1191 2488 infuscatae,
1232 2415 1268 2475 in
1290 2431 1384 2474 mare
1406 2413 1588 2492 nigriores.

498 2577 537 2676 ’5.
585 2577 634 2650 D.
683 2565 990 2642 armillatus¹
1024 2545 1148 2664 niger,
1192 2565 1410 2640 abdominis
1455 2565 1649 2640 lateribus
1695 2564 1781 2636 elbo·

613 2671 803 2770 guttatiss
853 2668 972 2738 tibiis
987 2669 1167 2742 omnibus
1195 2665 1278 2742 basi
1311 2665 1553 2770 posticisque
1582 2667 1662 2744 late
1683 2663 1780 2752 rufis5

612 2779 682 2848 alis
706 2770 996 2842 subinfuscatis.
1323 2815 1337 2826 -

584 2907 728 2974 Habitat
749 2905 787 2964 iu
810 2897 1050 2994 Vestrogothia
1071 2901 1112 2966 D.
1135 2897 1292 2967 numan.
1322 2900 1363 2961 In
1387 2902 1508 2966 Scsnia
1530 2905 1712 2968 rarissime.

626 3059 713 3122 rau.
759 3053 970 3134 Magnitudo·
1002 3053 1044 3116 D.
1087 3047 1232 3112 hirtelli.
1279 3049 1388 3129 Caput
1410 3057 1566 3134 nigrum:
1604 3051 1704 3116 barba
1724 3046 1780 3126 cly-

499 3149 557 3233 pei
578 3144 680 3212 fusca.
732 3142 911 3205 antennae
932 3141 1068 3218 nigraes
1096 3135 1244 3198 articulo
1264 3135 1389 3198 ultimo
1412 3139 1527 3220 longo,
1554 3143 1701 3210 lineari,
1723 3143 1779 3194 sen

500 3234 641 3298 deflexa.
686 3224 824 3290 Thorax
846 3225 955 3304 niger,
995 3240 1064 3282 non
1087 3222 1189 3281 dense
1211 3219 1541 3302 griseo-pubescens:
1589 3223 1723 3307 pectore
1742 3215 1777 3276 ci·

499 3337 614 3386 nereo.
661 3311 835 3378 Abdomeu
857 3311 1007 3389 nigrum,
1047 3303 1197 3368 breviter
1232 3315 1266 3364 et
1288 3321 1357 3368 non
1382 3309 1499 3369 crebro
1522 3310 1717 3388 pubescens,
1737 3298 1778 3359 ni·

499 3405 623 3476 siclum,
647 3397 826 3476 segmentis
850 3394 886 3454 in
911 3392 1064 3469 margine
1086 3388 1223 3452 laterali
1256 3389 1501 3473 albo-guttatis,
1530 3407 1653 3456 ventre
1674 3387 1776 3451 distin·
1825 3389 1826 3407 ¹

502 3501 556 3553 ete
578 3479 862 3558 cinereo-piloso:
903 3477 1023 3556 vagina
1056 3477 1114 3538 aui
1146 3473 1327 3540 articulata
1347 3475 1469 3557 absque
1491 3480 1685 3558 appendice.
1727 3472 1776 3532 Pe·

500 3577 558 3634 des
583 3568 693 3648 nigri:
728 3561 924 3638 femoribus,
967 3557 1082 3622 subtus
1125 3559 1294 3636 inprimis,
1331 3563 1595 3642 griseo-pilosi„
1627 3562 1715 3624 tibiis
1735 3559 1776 3611 sat

501 3656 619 3721 crebro
648 3648 840 3728 spinulosis,
874 3645 944 3706 basi
987 3643 1089 3715 rufis3
1126 3643 1263 3722 posticis
1299 3648 1391 3708 intus
1414 3648 1515 3708 dense
1539 3662 1574 3710 et
1597 3640 1776 3708 brevissime

499 3733 772 3824 pubescentibus,
798 3733 891 3810 apice
914 3741 1049 3791 tantum
1069 3729 1196 3805 nigrim
1234 3731 1331 3808 spina
1357 3731 1460 3810 apicis
1484 3729 1689 3806 distinction
1708 3719 1773 3784 uul-
1824 3713 1825 3794 i

499 3827 544 3890 ia.
588 3823 671 3886 Alae
690 3817 761 3878 basi
801 3817 871 3877 late
893 3817 1091 3886 infuscatae,
1118 3809 1295 3876 abdomine
1317 3815 1433 3896 paullo
1454 3817 1647 3898 longiores:
1682 3812 1790 3872 nerrc‘
1824 3827 1825 3895 ἦ

497 3909 657 3996 angulari
679 3903 779 3984 longe
800 3913 909 3964 acuto.
954 3899 1115 3964 Halteres
1144 3897 1233 3962 flavi.

656 4025 740 4092 stas.

1686 4109 1713 4178 a·
1735 4043 1770 4154 a
