<?xml version="1.0" encoding="UTF-8"?>
<!DOCTYPE html PUBLIC "-//W3C//DTD XHTML 1.0 Transitional//EN"
    "http://www.w3.org/TR/xhtml1/DTD/xhtml1-transitional.dtd">
<html xmlns="http://www.w3.org/1999/xhtml" xml:lang="en" lang="en">
 <head>
  <title>
</title>
<meta http-equiv="Content-Type" content="text/html;charset=utf-8" />
  <meta name='ocr-system' content='tesseract 3.04.00' />
  <meta name='ocr-capabilities' content='ocr_page ocr_carea ocr_par ocr_line ocrx_word'/>
</head>
<body>
  <div class='ocr_page' id='page_1' title='image "./dipterasveciae00fallgoog_0425.png"; bbox 0 0 3614 4884; ppageno 0'>
   <div class='ocr_carea' id='block_1_1' title="bbox 569 569 634 710">
    <p class='ocr_par' dir='ltr' id='par_1_1' title="bbox 569 569 634 710">
     <span class='ocr_line' id='line_1_1' title="bbox 569 569 634 710; baseline 0 0"><span class='ocrx_word' id='word_1_1' title='bbox 569 569 600 666; x_wconf 74' lang='grc'>4</span> <span class='ocrx_word' id='word_1_2' title='bbox 632 701 634 710; x_wconf 81' lang='grc'><strong>.</strong></span> 
     </span>
    </p>
   </div>
   <div class='ocr_carea' id='block_1_2' title="bbox 334 763 1660 2000">
    <p class='ocr_par' dir='ltr' id='par_1_2' title="bbox 334 763 1660 2000">
     <span class='ocr_line' id='line_1_2' title="bbox 485 763 1643 854; baseline 0.003 -22"><span class='ocrx_word' id='word_1_3' title='bbox 485 767 584 835; x_wconf 80' lang='lat' dir='ltr'><strong>Mas</strong></span> <span class='ocrx_word' id='word_1_4' title='bbox 606 763 642 832; x_wconf 76' lang='lat' dir='ltr'><strong>dt</strong></span> <span class='ocrx_word' id='word_1_5' title='bbox 663 769 696 834; x_wconf 78' lang='lat' dir='ltr'><em>F</em></span> <span class='ocrx_word' id='word_1_6' title='bbox 700 789 715 832; x_wconf 86' lang='lat' dir='ltr'><strong>e</strong></span> <span class='ocrx_word' id='word_1_7' title='bbox 727 789 765 835; x_wconf 85' lang='lat' dir='ltr'><strong>m.</strong></span> <span class='ocrx_word' id='word_1_8' title='bbox 814 771 852 830; x_wconf 89' lang='lat' dir='ltr'><strong>ln</strong></span> <span class='ocrx_word' id='word_1_9' title='bbox 876 773 959 852; x_wconf 77' lang='lat' dir='ltr'><strong>agris</strong></span> <span class='ocrx_word' id='word_1_10' title='bbox 981 773 1112 848; x_wconf 78' lang='lat' dir='ltr'><strong>Senniae,</strong></span> <span class='ocrx_word' id='word_1_11' title='bbox 1134 771 1295 854; x_wconf 78' lang='lat' dir='ltr'><strong>frequens.</strong></span> <span class='ocrx_word' id='word_1_12' title='bbox 1343 771 1379 834; x_wconf 90' lang='lat' dir='ltr'><strong>ln</strong></span> <span class='ocrx_word' id='word_1_13' title='bbox 1401 767 1485 835; x_wconf 79' lang='lat' dir='ltr'><strong>loliis</strong></span> <span class='ocrx_word' id='word_1_14' title='bbox 1506 771 1643 836; x_wconf 77' lang='lat' dir='ltr'><strong>trustem</strong></span> 
     </span>
     <span class='ocr_line' id='line_1_3' title="bbox 374 849 1646 936; baseline -0.001 -19"><span class='ocrx_word' id='word_1_15' title='bbox 374 859 503 932; x_wconf 77' lang='lat' dir='ltr'><strong>reptans</strong></span> <span class='ocrx_word' id='word_1_16' title='bbox 528 855 642 936; x_wconf 78' lang='lat' dir='ltr'><strong>saepius</strong></span> <span class='ocrx_word' id='word_1_17' title='bbox 666 856 845 930; x_wconf 71' lang='lat' dir='ltr'><strong>observate,</strong></span> <span class='ocrx_word' id='word_1_18' title='bbox 866 849 902 914; x_wconf 78' lang='lat' dir='ltr'><strong>dc</strong></span> <span class='ocrx_word' id='word_1_19' title='bbox 927 857 958 913; x_wconf 86' lang='lat' dir='ltr'><strong>in</strong></span> <span class='ocrx_word' id='word_1_20' title='bbox 980 855 1097 935; x_wconf 77' lang='lat' dir='ltr'><strong>copule</strong></span> <span class='ocrx_word' id='word_1_21' title='bbox 1122 863 1222 936; x_wconf 77' lang='lat' dir='ltr'><strong>cepte.</strong></span> <span class='ocrx_word' id='word_1_22' title='bbox 1251 885 1292 899; x_wconf 92' lang='lat'><strong>·-</strong></span> <span class='ocrx_word' id='word_1_23' title='bbox 1313 853 1401 918; x_wconf 84' lang='lat' dir='ltr'><strong>luter</strong></span> <span class='ocrx_word' id='word_1_24' title='bbox 1420 865 1572 916; x_wconf 75' lang='lat' dir='ltr'><strong>nostrates</strong></span> <span class='ocrx_word' id='word_1_25' title='bbox 1592 873 1646 916; x_wconf 76' lang='lat' dir='ltr'><strong>ms·</strong></span> 
     </span>
     <span class='ocr_line' id='line_1_4' title="bbox 373 935 1650 1020; baseline 0 -21"><span class='ocrx_word' id='word_1_26' title='bbox 373 943 468 1014; x_wconf 84' lang='lat' dir='ltr'><strong>xime,</strong></span> <span class='ocrx_word' id='word_1_27' title='bbox 489 935 599 996; x_wconf 90' lang='lat' dir='ltr'><strong>Pulice</strong></span> <span class='ocrx_word' id='word_1_28' title='bbox 622 940 695 1020; x_wconf 87' lang='lat' dir='ltr'><strong>plus</strong></span> <span class='ocrx_word' id='word_1_29' title='bbox 717 937 817 1018; x_wconf 91' lang='lat' dir='ltr'><strong>duplo</strong></span> <span class='ocrx_word' id='word_1_30' title='bbox 847 941 957 1012; x_wconf 76' lang='lat' dir='ltr'><strong>major.</strong></span> <span class='ocrx_word' id='word_1_31' title='bbox 1003 937 1108 1020; x_wconf 84' lang='lat' dir='ltr'><strong>Caput</strong></span> <span class='ocrx_word' id='word_1_32' title='bbox 1138 941 1243 998; x_wconf 85' lang='lat' dir='ltr'><strong>ontice</strong></span> <span class='ocrx_word' id='word_1_33' title='bbox 1272 939 1493 1012; x_wconf 71' lang='lat' dir='ltr'><strong>rotundatum,</strong></span> <span class='ocrx_word' id='word_1_34' title='bbox 1514 935 1650 1019; x_wconf 78' lang='lat' dir='ltr'><strong>plerum·</strong></span> 
     </span>
     <span class='ocr_line' id='line_1_5' title="bbox 375 1017 1649 1110; baseline 0 -30"><span class='ocrx_word' id='word_1_35' title='bbox 375 1039 438 1101; x_wconf 79' lang='lat' dir='ltr'><strong>que</strong></span> <span class='ocrx_word' id='word_1_36' title='bbox 460 1022 728 1100; x_wconf 79' lang='lat' dir='ltr'><strong>opaco-nigrum:</strong></span> <span class='ocrx_word' id='word_1_37' title='bbox 760 1022 878 1082; x_wconf 84' lang='lat' dir='ltr'><strong>vertice</strong></span> <span class='ocrx_word' id='word_1_38' title='bbox 905 1032 1017 1096; x_wconf 83' lang='lat' dir='ltr'><strong>setoso,</strong></span> <span class='ocrx_word' id='word_1_39' title='bbox 1050 1021 1237 1100; x_wconf 83' lang='lat' dir='ltr'>proboscide</span> <span class='ocrx_word' id='word_1_40' title='bbox 1270 1017 1413 1110; x_wconf 46' lang='lat' dir='ltr'><strong>pallide„</strong></span> <span class='ocrx_word' id='word_1_41' title='bbox 1435 1033 1558 1095; x_wconf 73' lang='lat' dir='ltr'><strong>setose3</strong></span> <span class='ocrx_word' id='word_1_42' title='bbox 1586 1022 1649 1082; x_wconf 85' lang='lat' dir='ltr'><strong>setis</strong></span> 
     </span>
     <span class='ocr_line' id='line_1_6' title="bbox 375 1101 1651 1182; baseline 0.002 -22"><span class='ocrx_word' id='word_1_43' title='bbox 375 1111 483 1162; x_wconf 86' lang='lat' dir='ltr'><strong>autem</strong></span> <span class='ocrx_word' id='word_1_44' title='bbox 505 1103 690 1181; x_wconf 79' lang='lat' dir='ltr'><strong>mystncinis</strong></span> <span class='ocrx_word' id='word_1_45' title='bbox 713 1101 765 1162; x_wconf 79' lang='lat' dir='ltr'><strong>rix</strong></span> <span class='ocrx_word' id='word_1_46' title='bbox 789 1101 886 1176; x_wconf 82' lang='lat' dir='ltr'><strong>ullis3</strong></span> <span class='ocrx_word' id='word_1_47' title='bbox 912 1103 1012 1164; x_wconf 91' lang='lat' dir='ltr'><strong>oculis</strong></span> <span class='ocrx_word' id='word_1_48' title='bbox 1038 1103 1173 1163; x_wconf 79' lang='lat' dir='ltr'><strong>obscure</strong></span> <span class='ocrx_word' id='word_1_49' title='bbox 1194 1101 1394 1182; x_wconf 81' lang='lat' dir='ltr'>ferrugineis,</span> <span class='ocrx_word' id='word_1_50' title='bbox 1424 1105 1586 1180; x_wconf 68' lang='lat' dir='ltr'><strong>maximis„</strong></span> <span class='ocrx_word' id='word_1_51' title='bbox 1603 1123 1651 1163; x_wconf 85' lang='lat' dir='ltr'><strong>ro-</strong></span> 
     </span>
     <span class='ocr_line' id='line_1_7' title="bbox 352 1181 1650 1264; baseline 0.001 -22"><span class='ocrx_word' id='word_1_52' title='bbox 352 1182 529 1259; x_wconf 80' lang='lat' dir='ltr'><strong>&#39;tundntis,</strong></span> <span class='ocrx_word' id='word_1_53' title='bbox 553 1181 631 1257; x_wconf 82' lang='lat' dir='ltr'><strong>(sere</strong></span> <span class='ocrx_word' id='word_1_54' title='bbox 654 1182 822 1264; x_wconf 81' lang='lat' dir='ltr'><strong>oblongis).</strong></span> <span class='ocrx_word' id='word_1_55' title='bbox 868 1185 1022 1246; x_wconf 82' lang='lat' dir='ltr'><strong>Antennae</strong></span> <span class='ocrx_word' id='word_1_56' title='bbox 1048 1187 1153 1262; x_wconf 67' lang='lat' dir='ltr'><strong>nigre,</strong></span> <span class='ocrx_word' id='word_1_57' title='bbox 1177 1184 1299 1259; x_wconf 85' lang='lat' dir='ltr'><strong>breves,</strong></span> <span class='ocrx_word' id='word_1_58' title='bbox 1334 1185 1439 1248; x_wconf 83' lang='lat' dir='ltr'><strong>medio</strong></span> <span class='ocrx_word' id='word_1_59' title='bbox 1467 1185 1579 1246; x_wconf 82' lang='lat' dir='ltr'><strong>frontis</strong></span> <span class='ocrx_word' id='word_1_60' title='bbox 1609 1186 1650 1244; x_wconf 77' lang='lat' dir='ltr'><strong>in-</strong></span> 
     </span>
     <span class='ocr_line' id='line_1_8' title="bbox 375 1263 1652 1348; baseline 0.002 -22"><span class='ocrx_word' id='word_1_61' title='bbox 375 1274 488 1326; x_wconf 81' lang='lat' dir='ltr'><strong>sertae:</strong></span> <span class='ocrx_word' id='word_1_62' title='bbox 509 1275 574 1324; x_wconf 85' lang='lat' dir='ltr'><strong>seta</strong></span> <span class='ocrx_word' id='word_1_63' title='bbox 596 1265 692 1341; x_wconf 82' lang='lat' dir='ltr'><strong>nudo,</strong></span> <span class='ocrx_word' id='word_1_64' title='bbox 715 1263 874 1344; x_wconf 79' lang='lat' dir='ltr'><strong>elongato.</strong></span> <span class='ocrx_word' id='word_1_65' title='bbox 919 1269 1042 1348; x_wconf 92' lang='lat' dir='ltr'><strong>Corpus</strong></span> <span class='ocrx_word' id='word_1_66' title='bbox 1063 1264 1320 1342; x_wconf 80' lang='lat' dir='ltr'><strong>crassiusculum‚</strong></span> <span class='ocrx_word' id='word_1_67' title='bbox 1349 1270 1487 1348; x_wconf 79' lang='lat' dir='ltr'><strong>nigrum,</strong></span> <span class='ocrx_word' id='word_1_68' title='bbox 1510 1269 1652 1330; x_wconf 73' lang='lat' dir='ltr'><strong>nitidume</strong></span> 
     </span>
     <span class='ocr_line' id='line_1_9' title="bbox 375 1347 1654 1430; baseline 0.004 -24"><span class='ocrx_word' id='word_1_69' title='bbox 375 1357 525 1408; x_wconf 87' lang='lat' dir='ltr'><strong>setosnm.</strong></span> <span class='ocrx_word' id='word_1_70' title='bbox 569 1347 670 1410; x_wconf 88' lang='lat' dir='ltr'><strong>Pedes</strong></span> <span class='ocrx_word' id='word_1_71' title='bbox 692 1348 862 1430; x_wconf 80' lang='lat' dir='ltr'><strong>simplices,</strong></span> <span class='ocrx_word' id='word_1_72' title='bbox 884 1351 982 1426; x_wconf 76' lang='lat' dir='ltr'><strong>nigri:</strong></span> <span class='ocrx_word' id='word_1_73' title='bbox 1021 1349 1110 1410; x_wconf 87' lang='lat' dir='ltr'><strong>tibiis</strong></span> <span class='ocrx_word' id='word_1_74' title='bbox 1139 1349 1298 1427; x_wconf 76' lang='lat' dir='ltr'><strong>tersisque</strong></span> <span class='ocrx_word' id='word_1_75' title='bbox 1324 1353 1356 1412; x_wconf 92' lang='lat' dir='ltr'><strong>in</strong></span> <span class='ocrx_word' id='word_1_76' title='bbox 1378 1352 1458 1410; x_wconf 81' lang='lat' dir='ltr'><strong>viris</strong></span> <span class='ocrx_word' id='word_1_77' title='bbox 1481 1347 1604 1426; x_wconf 73' lang='lat' dir='ltr'><strong>albidis,</strong></span> <span class='ocrx_word' id='word_1_78' title='bbox 1625 1353 1654 1412; x_wconf 87' lang='lat' dir='ltr'><strong>in</strong></span> 
     </span>
     <span class='ocr_line' id='line_1_10' title="bbox 374 1429 1654 1513; baseline 0.007 -28"><span class='ocrx_word' id='word_1_79' title='bbox 374 1431 537 1488; x_wconf 78' lang='lat' dir='ltr'><strong>exsiccatis</strong></span> <span class='ocrx_word' id='word_1_80' title='bbox 567 1448 648 1509; x_wconf 83' lang='lat' dir='ltr'><strong>saepe</strong></span> <span class='ocrx_word' id='word_1_81' title='bbox 680 1431 787 1510; x_wconf 83' lang='lat' dir='ltr'><strong>nigris.</strong></span> <span class='ocrx_word' id='word_1_82' title='bbox 835 1429 955 1490; x_wconf 82' lang='lat' dir='ltr'><strong>Venter</strong></span> <span class='ocrx_word' id='word_1_83' title='bbox 980 1452 1108 1513; x_wconf 89' lang='lat' dir='ltr'><strong>qnoque</strong></span> <span class='ocrx_word' id='word_1_84' title='bbox 1144 1435 1174 1492; x_wconf 87' lang='lat' dir='ltr'><strong>in</strong></span> <span class='ocrx_word' id='word_1_85' title='bbox 1205 1430 1285 1488; x_wconf 86' lang='lat' dir='ltr'><strong>vivis</strong></span> <span class='ocrx_word' id='word_1_86' title='bbox 1323 1430 1473 1512; x_wconf 80' lang='lat' dir='ltr'><strong>pallidus.</strong></span> <span class='ocrx_word' id='word_1_87' title='bbox 1526 1429 1654 1494; x_wconf 62' lang='lat' dir='ltr'><strong>blesis</strong></span> 
     </span>
     <span class='ocr_line' id='line_1_11' title="bbox 374 1510 1654 1575; baseline 0.005 -7"><span class='ocrx_word' id='word_1_88' title='bbox 374 1510 556 1570; x_wconf 77' lang='lat' dir='ltr'><strong>insuscntae:</strong></span> <span class='ocrx_word' id='word_1_89' title='bbox 585 1530 690 1573; x_wconf 79' lang='lat' dir='ltr'><strong>nervo</strong></span> <span class='ocrx_word' id='word_1_90' title='bbox 712 1513 862 1572; x_wconf 80' lang='lat' dir='ltr'><strong>auxiliari</strong></span> <span class='ocrx_word' id='word_1_91' title='bbox 886 1533 958 1572; x_wconf 82' lang='lat' dir='ltr'><strong>cum</strong></span> <span class='ocrx_word' id='word_1_92' title='bbox 991 1514 1178 1574; x_wconf 81' lang='lat' dir='ltr'><strong>secundario</strong></span> <span class='ocrx_word' id='word_1_93' title='bbox 1204 1511 1384 1575; x_wconf 83' lang='lat' dir='ltr'><strong>condunato</strong></span> <span class='ocrx_word' id='word_1_94' title='bbox 1414 1514 1502 1572; x_wconf 82' lang='lat' dir='ltr'><strong>ultra</strong></span> <span class='ocrx_word' id='word_1_95' title='bbox 1535 1517 1654 1574; x_wconf 83' lang='lat' dir='ltr'><strong>tertiam</strong></span> 
     </span>
     <span class='ocr_line' id='line_1_12' title="bbox 375 1593 1656 1678; baseline 0.004 -26"><span class='ocrx_word' id='word_1_96' title='bbox 375 1602 468 1652; x_wconf 82' lang='lat' dir='ltr'><strong>costae</strong></span> <span class='ocrx_word' id='word_1_97' title='bbox 498 1600 623 1674; x_wconf 84' lang='lat' dir='ltr'><strong>partem</strong></span> <span class='ocrx_word' id='word_1_98' title='bbox 651 1593 878 1669; x_wconf 78' lang='lat' dir='ltr'><strong>descendente,</strong></span> <span class='ocrx_word' id='word_1_99' title='bbox 913 1597 1003 1678; x_wconf 82' lang='lat' dir='ltr'><strong>cujus</strong></span> <span class='ocrx_word' id='word_1_100' title='bbox 1035 1598 1117 1674; x_wconf 82' lang='lat' dir='ltr'><strong>opici</strong></span> <span class='ocrx_word' id='word_1_101' title='bbox 1149 1593 1325 1676; x_wconf 85' lang='lat' dir='ltr'><strong>opponitur</strong></span> <span class='ocrx_word' id='word_1_102' title='bbox 1356 1593 1512 1658; x_wconf 84' lang='lat' dir='ltr'><strong>nerrulus</strong></span> <span class='ocrx_word' id='word_1_103' title='bbox 1544 1595 1656 1654; x_wconf 86' lang='lat' dir='ltr'><strong>medius</strong></span> 
     </span>
     <span class='ocr_line' id='line_1_13' title="bbox 374 1674 1657 1756; baseline 0.005 -25"><span class='ocrx_word' id='word_1_104' title='bbox 374 1683 587 1748; x_wconf 78' lang='lat' dir='ltr'><strong>transversus,</strong></span> <span class='ocrx_word' id='word_1_105' title='bbox 609 1695 627 1733; x_wconf 85' lang='lat' dir='ltr'><strong>e</strong></span> <span class='ocrx_word' id='word_1_106' title='bbox 652 1695 717 1754; x_wconf 89' lang='lat' dir='ltr'><strong>quo</strong></span> <span class='ocrx_word' id='word_1_107' title='bbox 739 1677 784 1736; x_wconf 82' lang='lat' dir='ltr'><strong>ita</strong></span> <span class='ocrx_word' id='word_1_108' title='bbox 808 1674 904 1736; x_wconf 82' lang='lat' dir='ltr'><strong>distat</strong></span> <span class='ocrx_word' id='word_1_109' title='bbox 927 1675 1085 1738; x_wconf 68' lang='lat' dir='ltr'><strong>ncrrulus‘</strong></span> <span class='ocrx_word' id='word_1_110' title='bbox 1107 1676 1225 1746; x_wconf 72' lang='lat' dir='ltr'><strong>ordin..</strong></span> <span class='ocrx_word' id='word_1_111' title='bbox 1258 1683 1294 1732; x_wconf 86' lang='lat' dir='ltr'><strong>ut</strong></span> <span class='ocrx_word' id='word_1_112' title='bbox 1315 1677 1426 1756; x_wconf 89' lang='lat' dir='ltr'><strong>poullo</strong></span> <span class='ocrx_word' id='word_1_113' title='bbox 1457 1696 1542 1756; x_wconf 80' lang='lat' dir='ltr'><strong>ponc</strong></span> <span class='ocrx_word' id='word_1_114' title='bbox 1562 1677 1657 1738; x_wconf 85' lang='lat' dir='ltr'><strong>rnedi-</strong></span> 
     </span>
     <span class='ocr_line' id='line_1_14' title="bbox 375 1756 1658 1835; baseline 0.005 -23"><span class='ocrx_word' id='word_1_115' title='bbox 375 1775 432 1812; x_wconf 88' lang='lat' dir='ltr'><strong>nm</strong></span> <span class='ocrx_word' id='word_1_116' title='bbox 454 1756 532 1815; x_wconf 91' lang='lat' dir='ltr'><strong>disci</strong></span> <span class='ocrx_word' id='word_1_117' title='bbox 556 1756 689 1815; x_wconf 87' lang='lat' dir='ltr'><strong>ductum</strong></span> <span class='ocrx_word' id='word_1_118' title='bbox 713 1757 828 1818; x_wconf 77' lang='lat' dir='ltr'><strong>videns.</strong></span> <span class='ocrx_word' id='word_1_119' title='bbox 876 1760 998 1818; x_wconf 88' lang='lat' dir='ltr'><strong>Nervus</strong></span> <span class='ocrx_word' id='word_1_120' title='bbox 1033 1761 1148 1822; x_wconf 82' lang='lat' dir='ltr'><strong>tertius</strong></span> <span class='ocrx_word' id='word_1_121' title='bbox 1172 1757 1411 1835; x_wconf 81' lang='lat' dir='ltr'><strong>longitudinslis</strong></span> <span class='ocrx_word' id='word_1_122' title='bbox 1444 1763 1479 1819; x_wconf 87' lang='lat' dir='ltr'><strong>in</strong></span> <span class='ocrx_word' id='word_1_123' title='bbox 1504 1777 1658 1819; x_wconf 83' lang='lat' dir='ltr'><strong>summurn</strong></span> 
     </span>
     <span class='ocr_line' id='line_1_15' title="bbox 334 1836 1660 1919; baseline 0.007 -26"><span class='ocrx_word' id='word_1_124' title='bbox 334 1879 337 1882; x_wconf 86' lang='lat'><em>-</em></span> <span class='ocrx_word' id='word_1_125' title='bbox 375 1836 432 1894; x_wconf 72' lang='lat' dir='ltr'><strong>ola</strong></span> <span class='ocrx_word' id='word_1_126' title='bbox 462 1838 585 1918; x_wconf 82' lang='lat' dir='ltr'><strong>apicem</strong></span> <span class='ocrx_word' id='word_1_127' title='bbox 617 1847 774 1898; x_wconf 84' lang='lat' dir='ltr'><strong>extensus.</strong></span> <span class='ocrx_word' id='word_1_128' title='bbox 824 1839 967 1919; x_wconf 77' lang='lat' dir='ltr'><strong>Squama</strong></span> <span class='ocrx_word' id='word_1_129' title='bbox 997 1844 1074 1900; x_wconf 87' lang='lat' dir='ltr'><strong>sutis</strong></span> <span class='ocrx_word' id='word_1_130' title='bbox 1106 1841 1264 1900; x_wconf 79' lang='lat' dir='ltr'><strong>distincta.</strong></span> <span class='ocrx_word' id='word_1_131' title='bbox 1319 1839 1466 1908; x_wconf 73' lang='lat' dir='ltr'><strong>Halteres</strong></span> <span class='ocrx_word' id='word_1_132' title='bbox 1500 1840 1660 1904; x_wconf 73' lang='lat' dir='ltr'><strong>altissimi.</strong></span> 
     </span>
     <span class='ocr_line' id='line_1_16' title="bbox 374 1915 1342 2000; baseline 0.003 -22"><span class='ocrx_word' id='word_1_133' title='bbox 374 1915 500 2000; x_wconf 78' lang='lat' dir='ltr'><strong>Vngina</strong></span> <span class='ocrx_word' id='word_1_134' title='bbox 524 1921 661 1980; x_wconf 65' lang='lat' dir='ltr'><strong>Femina</strong></span> <span class='ocrx_word' id='word_1_135' title='bbox 682 1918 747 1980; x_wconf 85' lang='lat' dir='ltr'><strong>sere</strong></span> <span class='ocrx_word' id='word_1_136' title='bbox 770 1930 805 1979; x_wconf 88' lang='lat' dir='ltr'><strong>ut</strong></span> <span class='ocrx_word' id='word_1_137' title='bbox 834 1922 866 1980; x_wconf 89' lang='lat' dir='ltr'><strong>in</strong></span> <span class='ocrx_word' id='word_1_138' title='bbox 891 1923 1062 1984; x_wconf 81' lang='lat' dir='ltr'><strong>Laureniis</strong></span> <span class='ocrx_word' id='word_1_139' title='bbox 1085 1921 1256 1982; x_wconf 76' lang='lat' dir='ltr'><strong>extensilis.</strong></span> <span class='ocrx_word' id='word_1_140' title='bbox 1340 1993 1342 2000; x_wconf 19' lang='lat' dir='ltr'>y</span> 
     </span>
    </p>
   </div>
   <div class='ocr_carea' id='block_1_3' title="bbox 483 2031 1268 2119">
    <p class='ocr_par' dir='ltr' id='par_1_3' title="bbox 483 2031 1268 2119">
     <span class='ocr_line' id='line_1_17' title="bbox 483 2031 1268 2119; baseline 0 -23"><span class='ocrx_word' id='word_1_141' title='bbox 483 2031 560 2096; x_wconf 77' lang='lat' dir='ltr'><strong>Ver.</strong></span> <span class='ocrx_word' id='word_1_142' title='bbox 585 2033 617 2094; x_wconf 91' lang='lat' dir='ltr'><strong>b.</strong></span> <span class='ocrx_word' id='word_1_143' title='bbox 642 2039 667 2117; x_wconf 84' lang='grc' dir='ltr'>ῼ</span> <span class='ocrx_word' id='word_1_144' title='bbox 691 2037 836 2096; x_wconf 79' lang='lat' dir='ltr'><strong>antennis</strong></span> <span class='ocrx_word' id='word_1_145' title='bbox 862 2039 1045 2119; x_wconf 81' lang='lat' dir='ltr'><strong>verticequc</strong></span> <span class='ocrx_word' id='word_1_146' title='bbox 1068 2035 1268 2116; x_wconf 77' lang='lat' dir='ltr'><strong>ferrugineis.</strong></span> 
     </span>
    </p>
   </div>
   <div class='ocr_carea' id='block_1_4' title="bbox 376 2145 1660 2294">
    <p class='ocr_par' dir='ltr' id='par_1_4' title="bbox 376 2145 1660 2294">
     <span class='ocr_line' id='line_1_18' title="bbox 376 2145 1660 2294; baseline 0.003 -84"><span class='ocrx_word' id='word_1_147' title='bbox 376 2237 408 2294; x_wconf 55' lang='lat' dir='ltr'><strong>ta</strong></span> <span class='ocrx_word' id='word_1_148' title='bbox 484 2145 560 2210; x_wconf 83' lang='lat' dir='ltr'><strong>Var.</strong></span> <span class='ocrx_word' id='word_1_149' title='bbox 590 2169 616 2209; x_wconf 86' lang='lat' dir='ltr'><strong>c.</strong></span> <span class='ocrx_word' id='word_1_150' title='bbox 642 2150 866 2231; x_wconf 70' lang='lat' dir='ltr'><strong>9nbdominis</strong></span> <span class='ocrx_word' id='word_1_151' title='bbox 890 2150 1045 2214; x_wconf 80' lang='lat' dir='ltr'><strong>lateribus</strong></span> <span class='ocrx_word' id='word_1_152' title='bbox 1068 2152 1210 2226; x_wconf 81' lang='lat' dir='ltr'><strong>carneis,</strong></span> <span class='ocrx_word' id='word_1_153' title='bbox 1241 2152 1274 2212; x_wconf 88' lang='lat' dir='ltr'><strong>in</strong></span> <span class='ocrx_word' id='word_1_154' title='bbox 1300 2155 1408 2220; x_wconf 82' lang='lat' dir='ltr'><strong>Urliea</strong></span> <span class='ocrx_word' id='word_1_155' title='bbox 1430 2159 1533 2225; x_wconf 81' lang='lat' dir='ltr'><strong>dioica</strong></span> <span class='ocrx_word' id='word_1_156' title='bbox 1554 2162 1660 2248; x_wconf 82' lang='lat' dir='ltr'><strong>hospi.</strong></span> 
     </span>
     <span class='ocr_line' id='line_1_19' title="bbox 412 2250 456 2292; baseline 0 -1"><span class='ocrx_word' id='word_1_157' title='bbox 412 2250 456 2292; x_wconf 89' lang='lat' dir='ltr'><strong>ns.</strong></span> 
     </span>
    </p>
   </div>
   <div class='ocr_carea' id='block_1_5' title="bbox 330 2345 1662 2600">
    <p class='ocr_par' dir='ltr' id='par_1_5' title="bbox 330 2345 1662 2600">
     <span class='ocr_line' id='line_1_20' title="bbox 419 2345 1661 2432; baseline 0.009 -21"><span class='ocrx_word' id='word_1_158' title='bbox 419 2419 423 2426; x_wconf 22' lang='lat'><strong>⁴</strong></span> <span class='ocrx_word' id='word_1_159' title='bbox 487 2347 563 2412; x_wconf 89' lang='lat' dir='ltr'><strong>Var.</strong></span> <span class='ocrx_word' id='word_1_160' title='bbox 591 2350 621 2413; x_wconf 87' lang='lat' dir='ltr'><strong>d.</strong></span> <span class='ocrx_word' id='word_1_161' title='bbox 646 2348 792 2431; x_wconf 79' lang='lat' dir='ltr'><strong>ambigua</strong></span> <span class='ocrx_word' id='word_1_162' title='bbox 813 2352 921 2426; x_wconf 82' lang='lat' dir='ltr'><strong>nigra:</strong></span> <span class='ocrx_word' id='word_1_163' title='bbox 952 2349 1087 2432; x_wconf 83' lang='lat' dir='ltr'><strong>pedibus</strong></span> <span class='ocrx_word' id='word_1_164' title='bbox 1120 2345 1367 2427; x_wconf 82' lang='lat' dir='ltr'><strong>concoloribus3</strong></span> <span class='ocrx_word' id='word_1_165' title='bbox 1400 2355 1458 2416; x_wconf 80' lang='lat' dir='ltr'><strong>ntis</strong></span> <span class='ocrx_word' id='word_1_166' title='bbox 1492 2359 1661 2422; x_wconf 74' lang='lat' dir='ltr'><strong>albicanti-</strong></span> 
     </span>
     <span class='ocr_line' id='line_1_21' title="bbox 330 2429 1662 2515; baseline 0.011 -27"><span class='ocrx_word' id='word_1_167' title='bbox 330 2483 332 2488; x_wconf 81' lang='grc'>,</span> <span class='ocrx_word' id='word_1_168' title='bbox 376 2429 447 2501; x_wconf 84' lang='lat' dir='ltr'><strong>bus,</strong></span> <span class='ocrx_word' id='word_1_169' title='bbox 473 2435 579 2494; x_wconf 86' lang='lat' dir='ltr'><strong>nervis</strong></span> <span class='ocrx_word' id='word_1_170' title='bbox 596 2434 786 2495; x_wconf 79' lang='lat' dir='ltr'><strong>trnrrsversis</strong></span> <span class='ocrx_word' id='word_1_171' title='bbox 810 2431 921 2512; x_wconf 85' lang='lat' dir='ltr'><strong>puullo</strong></span> <span class='ocrx_word' id='word_1_172' title='bbox 944 2433 1195 2515; x_wconf 83' lang='lat' dir='ltr'><strong>appr·oxiurntis;</strong></span> <span class='ocrx_word' id='word_1_173' title='bbox 1220 2431 1252 2489; x_wconf 90' lang='lat' dir='ltr'><strong>iu</strong></span> <span class='ocrx_word' id='word_1_174' title='bbox 1274 2437 1388 2495; x_wconf 83' lang='lat' dir='ltr'><strong>ceteris</strong></span> <span class='ocrx_word' id='word_1_175' title='bbox 1412 2445 1565 2502; x_wconf 70' lang='lat' dir='ltr'><strong>varietati</strong></span> <span class='ocrx_word' id='word_1_176' title='bbox 1587 2445 1662 2502; x_wconf 83' lang='lat' dir='ltr'><strong>osi·</strong></span> 
     </span>
     <span class='ocr_line' id='line_1_22' title="bbox 374 2512 1626 2600; baseline 0.013 -28"><span class='ocrx_word' id='word_1_177' title='bbox 374 2512 520 2595; x_wconf 74' lang='lat' dir='ltr'><strong>milhma,</strong></span> <span class='ocrx_word' id='word_1_178' title='bbox 554 2519 586 2577; x_wconf 90' lang='lat' dir='ltr'><strong>in</strong></span> <span class='ocrx_word' id='word_1_179' title='bbox 605 2515 722 2600; x_wconf 82' lang='lat' dir='ltr'><strong>copulo</strong></span> <span class='ocrx_word' id='word_1_180' title='bbox 744 2525 863 2598; x_wconf 81' lang='lat' dir='ltr'><strong>capta3</strong></span> <span class='ocrx_word' id='word_1_181' title='bbox 887 2537 960 2576; x_wconf 89' lang='lat' dir='ltr'><strong>cum</strong></span> <span class='ocrx_word' id='word_1_182' title='bbox 981 2515 1116 2600; x_wconf 85' lang='lat' dir='ltr'><strong>Agrom.</strong></span> <span class='ocrx_word' id='word_1_183' title='bbox 1136 2520 1275 2596; x_wconf 75' lang='lat' dir='ltr'><strong>gyrante</strong></span> <span class='ocrx_word' id='word_1_184' title='bbox 1300 2535 1364 2577; x_wconf 86' lang='lat' dir='ltr'><strong>non</strong></span> <span class='ocrx_word' id='word_1_185' title='bbox 1389 2520 1626 2588; x_wconf 68' lang='lat' dir='ltr'><strong>confundendo.</strong></span> 
     </span>
    </p>
   </div>
   <div class='ocr_carea' id='block_1_6' title="bbox 376 2681 1661 2780">
    <p class='ocr_par' dir='ltr' id='par_1_6' title="bbox 376 2681 1661 2780">
     <span class='ocr_line' id='line_1_23' title="bbox 376 2681 1661 2780; baseline 0.004 -25"><span class='ocrx_word' id='word_1_186' title='bbox 376 2699 423 2755; x_wconf 64' lang='grc'><strong>9.,</strong></span> <span class='ocrx_word' id='word_1_187' title='bbox 464 2681 515 2754; x_wconf 89' lang='lat' dir='ltr'><strong>A.</strong></span> <span class='ocrx_word' id='word_1_188' title='bbox 543 2687 765 2755; x_wconf 78' lang='lat' dir='ltr'><strong>oneo-ventris</strong></span> <span class='ocrx_word' id='word_1_189' title='bbox 794 2685 921 2774; x_wconf 80' lang='lat' dir='ltr'><strong>nigra:</strong></span> <span class='ocrx_word' id='word_1_190' title='bbox 952 2683 1156 2754; x_wconf 74' lang='lat' dir='ltr'><strong>abdomine</strong></span> <span class='ocrx_word' id='word_1_191' title='bbox 1180 2681 1343 2756; x_wconf 80' lang='lat' dir='ltr'><strong>obscure</strong></span> <span class='ocrx_word' id='word_1_192' title='bbox 1373 2693 1661 2780; x_wconf 77' lang='lat' dir='ltr'><strong>teneonitente.</strong></span> 
     </span>
    </p>
   </div>
   <div class='ocr_carea' id='block_1_7' title="bbox 378 2794 1664 3072">
    <p class='ocr_par' dir='ltr' id='par_1_7' title="bbox 378 2794 1664 3072">
     <span class='ocr_line' id='line_1_24' title="bbox 481 2794 1664 2902; baseline 0.01 -30"><span class='ocrx_word' id='word_1_193' title='bbox 481 2810 511 2872; x_wconf 87' lang='lat' dir='ltr'><em>F</em></span> <span class='ocrx_word' id='word_1_194' title='bbox 518 2830 584 2876; x_wconf 85' lang='lat' dir='ltr'><strong>em.</strong></span> <span class='ocrx_word' id='word_1_195' title='bbox 630 2815 710 2874; x_wconf 89' lang='lat' dir='ltr'><strong>Cum</strong></span> <span class='ocrx_word' id='word_1_196' title='bbox 731 2815 928 2896; x_wconf 64' lang='lat' dir='ltr'><strong>praecedente</strong></span> <span class='ocrx_word' id='word_1_197' title='bbox 951 2820 982 2876; x_wconf 92' lang='lat' dir='ltr'><strong>in</strong></span> <span class='ocrx_word' id='word_1_198' title='bbox 1009 2794 1117 2876; x_wconf 71' lang='lat' dir='ltr'><strong>Ustica</strong></span> <span class='ocrx_word' id='word_1_199' title='bbox 1137 2809 1237 2874; x_wconf 80' lang='lat' dir='ltr'><strong>dioica</strong></span> <span class='ocrx_word' id='word_1_200' title='bbox 1260 2815 1356 2874; x_wconf 88' lang='lat' dir='ltr'><strong>semel</strong></span> <span class='ocrx_word' id='word_1_201' title='bbox 1381 2829 1497 2900; x_wconf 80' lang='lat' dir='ltr'><strong>cupto3</strong></span> <span class='ocrx_word' id='word_1_202' title='bbox 1529 2823 1664 2902; x_wconf 75' lang='lat' dir='ltr'><strong>minuta,</strong></span> 
     </span>
     <span class='ocr_line' id='line_1_25' title="bbox 378 2891 1664 2978; baseline -0.002 -21"><span class='ocrx_word' id='word_1_203' title='bbox 378 2897 421 2958; x_wconf 86' lang='lat' dir='ltr'><strong>nb</strong></span> <span class='ocrx_word' id='word_1_204' title='bbox 443 2891 478 2956; x_wconf 86' lang='grc' dir='ltr'><em>Λ</em></span> <span class='ocrx_word' id='word_1_205' title='bbox 503 2914 580 2961; x_wconf 87' lang='lat' dir='ltr'><strong>rom.</strong></span> <span class='ocrx_word' id='word_1_206' title='bbox 605 2903 747 2978; x_wconf 76' lang='lat' dir='ltr'><strong>reptante</strong></span> <span class='ocrx_word' id='word_1_207' title='bbox 769 2920 832 2960; x_wconf 93' lang='lat' dir='ltr'><strong>nou</strong></span> <span class='ocrx_word' id='word_1_208' title='bbox 856 2899 1018 2967; x_wconf 83' lang='lat' dir='ltr'><strong>distincto,</strong></span> <span class='ocrx_word' id='word_1_209' title='bbox 1049 2897 1108 2956; x_wconf 88' lang='lat' dir='ltr'><strong>nisi</strong></span> <span class='ocrx_word' id='word_1_210' title='bbox 1132 2897 1235 2955; x_wconf 88' lang='lat' dir='ltr'><strong>nitore</strong></span> <span class='ocrx_word' id='word_1_211' title='bbox 1254 2893 1433 2961; x_wconf 75' lang='lat' dir='ltr'><strong>abdominis</strong></span> <span class='ocrx_word' id='word_1_212' title='bbox 1452 2923 1563 2965; x_wconf 69' lang='lat' dir='ltr'><strong>nureo.</strong></span> <span class='ocrx_word' id='word_1_213' title='bbox 1604 2907 1664 2966; x_wconf 87' lang='lat' dir='ltr'><strong>Pe.</strong></span> 
     </span>
     <span class='ocr_line' id='line_1_26' title="bbox 379 2977 1663 3072; baseline 0.009 -35"><span class='ocrx_word' id='word_1_214' title='bbox 379 2978 433 3038; x_wconf 87' lang='lat' dir='ltr'><strong>des</strong></span> <span class='ocrx_word' id='word_1_215' title='bbox 541 2991 683 3040; x_wconf 74' lang='lat' dir='ltr'><strong>antennae</strong></span> <span class='ocrx_word' id='word_1_216' title='bbox 714 2983 814 3062; x_wconf 79' lang='lat' dir='ltr'><strong>nigro.</strong></span> <span class='ocrx_word' id='word_1_217' title='bbox 869 2982 936 3042; x_wconf 81' lang='lat' dir='ltr'><strong>Alae</strong></span> <span class='ocrx_word' id='word_1_218' title='bbox 964 2978 1122 3061; x_wconf 70' lang='lat' dir='ltr'><strong>hyalino:</strong></span> <span class='ocrx_word' id='word_1_219' title='bbox 1154 2977 1297 3038; x_wconf 83' lang='lat' dir='ltr'><strong>nervulis</strong></span> <span class='ocrx_word' id='word_1_220' title='bbox 1330 2987 1521 3046; x_wconf 79' lang='lat' dir='ltr'><strong>transversis</strong></span> <span class='ocrx_word' id='word_1_221' title='bbox 1555 2986 1663 3072; x_wconf 78' lang='lat' dir='ltr'><strong>paullo</strong></span> 
     </span>
    </p>
   </div>
   <div class='ocr_carea' id='block_1_8' title="bbox 379 3057 1531 3164">
    <p class='ocr_par' dir='ltr' id='par_1_8' title="bbox 379 3057 1531 3164">
     <span class='ocr_line' id='line_1_27' title="bbox 379 3057 1531 3164; baseline 0.004 -26"><span class='ocrx_word' id='word_1_222' title='bbox 379 3080 619 3162; x_wconf 75' lang='lat' dir='ltr'><strong>approximatis,</strong></span> <span class='ocrx_word' id='word_1_223' title='bbox 641 3090 679 3141; x_wconf 85' lang='lat' dir='ltr'><strong>ut</strong></span> <span class='ocrx_word' id='word_1_224' title='bbox 703 3085 735 3142; x_wconf 87' lang='lat' dir='ltr'><strong>in</strong></span> <span class='ocrx_word' id='word_1_225' title='bbox 763 3074 937 3144; x_wconf 85' lang='lat' dir='ltr'><strong>individuis</strong></span> <span class='ocrx_word' id='word_1_226' title='bbox 964 3077 1145 3139; x_wconf 87' lang='lat' dir='ltr'><strong>minoribus</strong></span> <span class='ocrx_word' id='word_1_227' title='bbox 1173 3099 1238 3142; x_wconf 78' lang='lat' dir='ltr'><strong>vor.</strong></span> <span class='ocrx_word' id='word_1_228' title='bbox 1261 3057 1344 3142; x_wconf 76' lang='lat' dir='ltr'><strong>dA.</strong></span> <span class='ocrx_word' id='word_1_229' title='bbox 1365 3085 1531 3164; x_wconf 73' lang='lat' dir='ltr'><strong>reptantis.</strong></span> 
     </span>
    </p>
   </div>
   <div class='ocr_carea' id='block_1_9' title="bbox 477 3193 581 3258">
    <p class='ocr_par' dir='ltr' id='par_1_9' title="bbox 477 3193 581 3258">
     <span class='ocr_line' id='line_1_28' title="bbox 477 3193 581 3258; baseline 0.01 -1"><span class='ocrx_word' id='word_1_230' title='bbox 477 3193 581 3258; x_wconf 85' lang='lat' dir='ltr'><strong>Mas.</strong></span> 
     </span>
    </p>
   </div>
   <div class='ocr_carea' id='block_1_10' title="bbox 379 3360 1662 3678">
    <p class='ocr_par' dir='ltr' id='par_1_10' title="bbox 379 3360 1662 3678">
     <span class='ocr_line' id='line_1_29' title="bbox 379 3360 1662 3463; baseline 0.003 -28"><span class='ocrx_word' id='word_1_231' title='bbox 379 3383 414 3457; x_wconf 61' lang='grc' dir='ltr'><strong>ὅ.</strong></span> <span class='ocrx_word' id='word_1_232' title='bbox 467 3360 516 3435; x_wconf 87' lang='grc' dir='ltr'><strong>Α.</strong></span> <span class='ocrx_word' id='word_1_233' title='bbox 541 3391 670 3463; x_wconf 70' lang='lat' dir='ltr'><strong>gyrans</strong></span> <span class='ocrx_word' id='word_1_234' title='bbox 701 3368 827 3459; x_wconf 78' lang='lat' dir='ltr'><strong>nigro,</strong></span> <span class='ocrx_word' id='word_1_235' title='bbox 864 3366 934 3436; x_wconf 81' lang='lat' dir='ltr'><strong>slis</strong></span> <span class='ocrx_word' id='word_1_236' title='bbox 962 3363 1151 3454; x_wconf 75' lang='lat' dir='ltr'><strong>hyalinis:</strong></span> <span class='ocrx_word' id='word_1_237' title='bbox 1182 3363 1343 3436; x_wconf 87' lang='lat' dir='ltr'><strong>nervulo</strong></span> <span class='ocrx_word' id='word_1_238' title='bbox 1368 3377 1588 3438; x_wconf 78' lang='lat' dir='ltr'><strong>transverso</strong></span> <span class='ocrx_word' id='word_1_239' title='bbox 1610 3389 1662 3439; x_wconf 91' lang='lat' dir='ltr'><strong>or·</strong></span> 
     </span>
     <span class='ocr_line' id='line_1_30' title="bbox 491 3465 1326 3559; baseline 0 -25"><span class='ocrx_word' id='word_1_240' title='bbox 491 3465 638 3539; x_wconf 78' lang='lat' dir='ltr'><strong>dinatio</strong></span> <span class='ocrx_word' id='word_1_241' title='bbox 663 3472 763 3559; x_wconf 84' lang='lat' dir='ltr'><strong>epici</strong></span> <span class='ocrx_word' id='word_1_242' title='bbox 791 3470 898 3540; x_wconf 86' lang='lat' dir='ltr'><strong>nervi</strong></span> <span class='ocrx_word' id='word_1_243' title='bbox 920 3465 1114 3534; x_wconf 78' lang='lat' dir='ltr'><strong>auxiliaris</strong></span> <span class='ocrx_word' id='word_1_244' title='bbox 1138 3466 1326 3556; x_wconf 87' lang='lat' dir='ltr'><strong>opposito.</strong></span> 
     </span>
     <span class='ocr_line' id='line_1_31' title="bbox 489 3592 1658 3678; baseline 0.001 -21"><span class='ocrx_word' id='word_1_245' title='bbox 489 3594 579 3660; x_wconf 85' lang='lat' dir='ltr'><strong>Mas</strong></span> <span class='ocrx_word' id='word_1_246' title='bbox 602 3592 639 3658; x_wconf 77' lang='grc' dir='ltr'><strong>ὅτ</strong></span> <span class='ocrx_word' id='word_1_247' title='bbox 658 3597 690 3662; x_wconf 79' lang='lat' dir='ltr'><em>F</em></span> <span class='ocrx_word' id='word_1_248' title='bbox 693 3619 707 3662; x_wconf 87' lang='lat' dir='ltr'><strong>e</strong></span> <span class='ocrx_word' id='word_1_249' title='bbox 719 3621 759 3663; x_wconf 87' lang='lat' dir='ltr'><strong>m.</strong></span> <span class='ocrx_word' id='word_1_250' title='bbox 804 3603 840 3662; x_wconf 88' lang='lat' dir='ltr'><strong>ln</strong></span> <span class='ocrx_word' id='word_1_251' title='bbox 871 3597 1044 3659; x_wconf 85' lang='lat' dir='ltr'><strong>fruticibus</strong></span> <span class='ocrx_word' id='word_1_252' title='bbox 1066 3595 1239 3678; x_wconf 79' lang='lat' dir='ltr'><strong>Espero&#39;d,</strong></span> <span class='ocrx_word' id='word_1_253' title='bbox 1267 3599 1381 3674; x_wconf 72' lang='lat' dir='ltr'><strong>rodon,</strong></span> <span class='ocrx_word' id='word_1_254' title='bbox 1412 3599 1444 3658; x_wconf 89' lang='lat' dir='ltr'><strong>in</strong></span> <span class='ocrx_word' id='word_1_255' title='bbox 1467 3617 1586 3678; x_wconf 81' lang='lat' dir='ltr'><strong>gyrum</strong></span> <span class='ocrx_word' id='word_1_256' title='bbox 1609 3617 1658 3658; x_wconf 85' lang='lat' dir='ltr'><strong>re·</strong></span> 
     </span>
    </p>
   </div>
   <div class='ocr_carea' id='block_1_11' title="bbox 379 3678 1658 3840">
    <p class='ocr_par' dir='ltr' id='par_1_11' title="bbox 379 3678 1658 3840">
     <span class='ocr_line' id='line_1_32' title="bbox 380 3678 1658 3763; baseline 0.002 -29"><span class='ocrx_word' id='word_1_257' title='bbox 380 3687 494 3759; x_wconf 80' lang='lat' dir='ltr'><strong>ptans3</strong></span> <span class='ocrx_word' id='word_1_258' title='bbox 518 3681 549 3736; x_wconf 93' lang='lat' dir='ltr'><strong>in</strong></span> <span class='ocrx_word' id='word_1_259' title='bbox 571 3681 687 3763; x_wconf 84' lang='lat' dir='ltr'><strong>copulo</strong></span> <span class='ocrx_word' id='word_1_260' title='bbox 711 3685 878 3745; x_wconf 83' lang='lat' dir='ltr'><strong>observata</strong></span> <span class='ocrx_word' id='word_1_261' title='bbox 901 3716 942 3729; x_wconf 90' lang='grc'>-</span> <span class='ocrx_word' id='word_1_262' title='bbox 973 3679 1110 3742; x_wconf 82' lang='lat' dir='ltr'><strong>Habitus</strong></span> <span class='ocrx_word' id='word_1_263' title='bbox 1135 3678 1176 3740; x_wconf 81' lang='lat' dir='ltr'><strong>A.</strong></span> <span class='ocrx_word' id='word_1_264' title='bbox 1199 3680 1362 3762; x_wconf 81' lang='lat' dir='ltr'><strong>reptantis,</strong></span> <span class='ocrx_word' id='word_1_265' title='bbox 1385 3681 1532 3761; x_wconf 81' lang='lat' dir='ltr'><strong>quumvis</strong></span> <span class='ocrx_word' id='word_1_266' title='bbox 1558 3690 1658 3740; x_wconf 78' lang='lat' dir='ltr'><strong>statu·</strong></span> 
     </span>
     <span class='ocr_line' id='line_1_33' title="bbox 379 3758 1656 3840; baseline 0.002 -24"><span class='ocrx_word' id='word_1_267' title='bbox 379 3778 415 3816; x_wconf 80' lang='lat' dir='ltr'><strong>rs</strong></span> <span class='ocrx_word' id='word_1_268' title='bbox 440 3758 541 3840; x_wconf 91' lang='lat' dir='ltr'><strong>duplo</strong></span> <span class='ocrx_word' id='word_1_269' title='bbox 563 3765 675 3823; x_wconf 87' lang='lat' dir='ltr'><strong>minor.</strong></span> <span class='ocrx_word' id='word_1_270' title='bbox 731 3767 936 3840; x_wconf 73' lang='lat' dir='ltr'><strong>Totouigra,</strong></span> <span class='ocrx_word' id='word_1_271' title='bbox 966 3765 1090 3824; x_wconf 89' lang='lat' dir='ltr'><strong>obtuso.</strong></span> <span class='ocrx_word' id='word_1_272' title='bbox 1136 3760 1281 3822; x_wconf 76' lang='lat' dir='ltr'><strong>Halteres</strong></span> <span class='ocrx_word' id='word_1_273' title='bbox 1302 3760 1378 3820; x_wconf 78' lang='lat' dir='ltr'><strong>albi.</strong></span> <span class='ocrx_word' id='word_1_274' title='bbox 1425 3762 1562 3822; x_wconf 84' lang='lat' dir='ltr'><strong>Alorum</strong></span> <span class='ocrx_word' id='word_1_275' title='bbox 1588 3779 1656 3820; x_wconf 85' lang='lat' dir='ltr'><strong>ner·</strong></span> 
     </span>
    </p>
   </div>
   <div class='ocr_carea' id='block_1_12' title="bbox 276 3840 1654 3928">
    <p class='ocr_par' dir='ltr' id='par_1_12' title="bbox 276 3840 1654 3928">
     <span class='ocr_line' id='line_1_34' title="bbox 276 3840 1654 3928; baseline 0.004 -32"><span class='ocrx_word' id='word_1_276' title='bbox 276 3847 279 3856; x_wconf 90' lang='lat'>&#39;</span> <span class='ocrx_word' id='word_1_277' title='bbox 379 3859 420 3897; x_wconf 88' lang='lat' dir='ltr'><strong>vo</strong></span> <span class='ocrx_word' id='word_1_278' title='bbox 442 3840 590 3902; x_wconf 78' lang='lat' dir='ltr'><strong>auxiliari</strong></span> <span class='ocrx_word' id='word_1_279' title='bbox 615 3851 742 3926; x_wconf 83' lang='lat' dir='ltr'><strong>praecise</strong></span> <span class='ocrx_word' id='word_1_280' title='bbox 769 3849 944 3928; x_wconf 87' lang='lat' dir='ltr'><strong>opponitur</strong></span> <span class='ocrx_word' id='word_1_281' title='bbox 967 3842 1122 3905; x_wconf 83' lang='lat' dir='ltr'><strong>nervulns</strong></span> <span class='ocrx_word' id='word_1_282' title='bbox 1139 3853 1257 3904; x_wconf 77' lang='lat' dir='ltr'><strong>transt.</strong></span> <span class='ocrx_word' id='word_1_283' title='bbox 1272 3841 1340 3905; x_wconf 82' lang='lat' dir='ltr'><strong>ord.</strong></span> <span class='ocrx_word' id='word_1_284' title='bbox 1362 3843 1497 3926; x_wconf 85' lang='lat' dir='ltr'><strong>ideoque</strong></span> <span class='ocrx_word' id='word_1_285' title='bbox 1518 3840 1654 3926; x_wconf 24' lang='lat' dir='ltr'><strong>nbyAge.</strong></span> 
     </span>
    </p>
   </div>
   <div class='ocr_carea' id='block_1_13' title="bbox 379 3924 1109 4010">
    <p class='ocr_par' dir='ltr' id='par_1_13' title="bbox 379 3924 1109 4010">
     <span class='ocr_line' id='line_1_35' title="bbox 379 3924 1109 4010; baseline 0.007 -29"><span class='ocrx_word' id='word_1_286' title='bbox 379 3927 522 4003; x_wconf 80' lang='lat' dir='ltr'><strong>reptante</strong></span> <span class='ocrx_word' id='word_1_287' title='bbox 548 3924 640 3988; x_wconf 79' lang='lat' dir='ltr'><strong>facile</strong></span> <span class='ocrx_word' id='word_1_288' title='bbox 661 3928 871 4010; x_wconf 81' lang='lat' dir='ltr'><strong>distinguitur</strong></span> <span class='ocrx_word' id='word_1_289' title='bbox 896 3928 963 3989; x_wconf 77' lang='lat' dir='ltr'><strong>baec</strong></span> <span class='ocrx_word' id='word_1_290' title='bbox 981 3926 1109 4009; x_wconf 85' lang='lat' dir='ltr'><strong>species.</strong></span> 
     </span>
    </p>
   </div>
   <div class='ocr_carea' id='block_1_14' title="bbox 381 4047 1325 4206">
    <p class='ocr_par' dir='ltr' id='par_1_14' title="bbox 381 4047 1325 4206">
     <span class='ocr_line' id='line_1_36' title="bbox 381 4047 1325 4206; baseline 0.006 -46"><span class='ocrx_word' id='word_1_291' title='bbox 381 4115 416 4180; x_wconf 86' lang='lat'><strong>4.</strong></span> <span class='ocrx_word' id='word_1_292' title='bbox 471 4089 520 4169; x_wconf 85' lang='lat' dir='ltr'><strong>A.</strong></span> <span class='ocrx_word' id='word_1_293' title='bbox 549 4096 756 4193; x_wconf 84' lang='lat' dir='ltr'><strong>lacteipennis</strong></span> <span class='ocrx_word' id='word_1_294' title='bbox 779 4047 889 4190; x_wconf 44' lang='lat' dir='ltr'><strong>nigra</strong></span> <span class='ocrx_word' id='word_1_295' title='bbox 915 4097 1057 4168; x_wconf 85' lang='lat' dir='ltr'><strong>nitido:</strong></span> <span class='ocrx_word' id='word_1_296' title='bbox 1088 4094 1156 4166; x_wconf 79' lang='lat' dir='ltr'><strong>olis</strong></span> <span class='ocrx_word' id='word_1_297' title='bbox 1185 4095 1325 4206; x_wconf 68' lang='lat' dir='ltr'><strong>lndteis.</strong></span> 
     </span>
    </p>
   </div>
   <div class='ocr_carea' id='block_1_15' title="bbox 0 0 1821 4884">
    <p class='ocr_par' dir='ltr' id='par_1_15' title="bbox 0 0 1821 4884">
     <span class='ocr_line' id='line_1_37' title="bbox 0 0 1821 4884; baseline 0 0"><span class='ocrx_word' id='word_1_298' title='bbox 0 0 1821 4884; x_wconf 95' lang='lat' dir='ltr'><strong> </strong></span> 
     </span>
    </p>
   </div>
  </div>
 </body>
</html>
