3596 4896
518 315 543 386 8

410 489 637 562 onerans.
684 484 743 556 Os
784 483 972 552 clausum.
1013 483 1256 554 Antennn
1295 483 1442 570 breves,
1469 505 1607 566 crasse,
1634 485 1705 570 sub·
1775 455 1776 542 l

541 589 734 684 globosa&
778 601 861 654 seta
906 578 1019 654 nuda·
1078 571 1268 680 Corpus
1304 587 1528 682 oblongum,
1555 588 1708 661 hirtum:

541 711 700 784 squama
725 688 797 757 sub
821 687 889 756 alis
917 705 1067 777 magne.

449 857 620 934 Corpus
644 854 759 914 obtuse
774 864 923 921 ovatum,
942 847 1087 910 hirtum,
1099 852 1155 909 vix
1181 863 1339 922 setosum‚
1357 853 1392 913 in
1414 850 1477 915 hoc
1490 853 1615 914 Ordine
1631 855 1706 915 Inte.

406 953 538 1007 ctorum
561 954 611 1002 sat
628 957 794 1017 magnum.
810 939 957 1014 Caput
981 948 1220 1005 transversum,
1232 935 1371 998 thorace
1388 940 1442 997 sir
1461 943 1636 1016 augustius,
1651 961 1707 1000 eor·

403 1045 529 1091 neum:
549 1025 654 1086 oculis
668 1024 776 1093 nudis,
794 1021 861 1080 late
887 1019 1101 1092 distantibus,
1119 1023 1271 1093 exsertis,
1285 1040 1405 1099 parum
1429 1022 1590 1102 oblongis,
1604 1025 1709 1084 medio·

406 1110 525 1172 cribus.
545 1112 713 1188 Apertum
739 1109 804 1165 oris
827 1107 1027 1182 exigua,aut
1052 1107 1106 1164 vix
1131 1104 1211 1176 ulla,
1236 1105 1258 1164 l.
1275 1107 1396 1182 porosl
1419 1107 1594 1169 tubercula
1607 1111 1704 1179 tria,s.

404 1196 599 1256 rudimenta
634 1191 795 1252 haustelli
822 1190 1066 1268 palporumque
1097 1189 1301 1248 includens?
1324 1225 1366 1238 -
1389 1193 1606 1253 Haussellum
1627 1194 1708 1254 breve

405 1281 562 1340 conicum
596 1297 677 1358 poro
714 1275 882 1334 labiorum
917 1273 1180 1350 correspondens
1203 1268 1379 1351 des'cripsit
1417 1275 1488 1336 Cel.
1516 1279 1613 1338 Fran.
1637 1279 1706 1357 Syst

403 1363 498 1429 Anti.
528 1373 601 1435 228,
627 1371 660 1422 et
681 1363 718 1421 in
739 1363 813 1419 vivo
837 1363 980 1429 inserto,
1012 1359 1261 1435 compressione
1278 1361 1367 1418 intra
1392 1358 1514 1439 digitos
1539 1364 1622 1421 facta
1641 1364 1708 1421 vidit

405 1447 476 1508 Cel.
505 1449 545 1508 D.
572 1445 730 1516 Moodsn,
760 1449 830 1504 Act.
862 1441 976 1502 Holm.
1019 1441 1058 1502 T.
1088 1461 1116 1517 7.
1145 1476 1187 1489 -
1222 1443 1339 1520 Palp'os
1375 1445 1415 1503 ad
1451 1445 1545 1506 basin
1570 1445 1708 1506 haustelli

404 1532 546 1594 insertos
570 1531 694 1600 adesse,
719 1528 896 1587 contendit
930 1527 970 1586 D.
999 1525 1115 1585 Casan
1139 1527 1209 1584 Act.
1237 1527 1307 1586 Soc.
1333 1529 1431 1588 Linn.
1459 1550 1491 1607 5,
1533 1531 1579 1603 id,
1602 1533 1707 1608 quoda

403 1616 445 1677 D.
474 1617 693 1676 Faaarcsoin
716 1612 854 1672 dubium
882 1622 1031 1672 vocatur.
1063 1611 1275 1674 Prasentiam
1299 1613 1364 1671 oris
1386 1632 1511 1692 negare
1536 1615 1706 1674 videturCl.
1777 1645 1778 1676 i

402 1698 552 1762 Frscnru
575 1702 611 1758 in
634 1700 771 1759 Contin.
807 1716 833 1773 3.
859 1695 1088 1772 Expositionis
1114 1693 1294 1769 Vermium
1315 1698 1428 1762 intest.
1455 1702 1630 1772 westsear,
1651 1717 1707 1778 pag.
1777 1697 1778 1784 ]

309 1853 311 1858 .
400 1800 442 1858 27
470 1785 558 1858 Lips.
579 1793 671 1856 1788,
698 1781 835 1840 Oestros
857 1791 891 1837 et
917 1790 1065 1856 propter·
1080 1781 1152 1841 vite
1170 1779 1373 1840 brevitatem
1397 1793 1431 1841 et
1454 1784 1706 1862 perfectamcor·
1777 1803 1778 1840 l

400 1869 493 1947 poris
515 1867 747 1926 conditionem
767 1863 807 1924 ab
837 1863 1010 1922 alimentis
1043 1862 1199 1924 omnibus
1230 1865 1398 1926 abstinere
1423 1869 1478 1926 vix
1502 1871 1569 1928 rite
1592 1882 1708 1930 conten·
1777 1869 1778 1948 ᾗ

397 1951 495 2013 dens.
524 1982 566 1996 -
611 1952 839 2009 Antennae
876 1947 1025 2006 etribus
1063 1952 1147 2024 (non
1182 1946 1222 2008 ab
1261 1953 1371 2020 unico,
1411 1964 1449 2012 ut
1475 1953 1587 2012 voluit
1610 1954 1707 2028 Fran)

401 2033 558 2095 articulis
582 2045 750 2104 constant,
765 2032 862 2091 dorso
885 2034 1044 2109 setigera,
1069 2031 1175 2091 foveis
1196 2027 1234 2091 in
1251 2037 1361 2094 medio
1377 2035 1501 2096 frontis
1525 2041 1707 2104 insertare·

400 2120 478 2180 rina
501 2119 617 2195 sepius
641 2117 830 2191 disjuncte:
873 2116 1018 2175 articulo
1041 2115 1164 2175 ultimo
1187 2117 1416 2194 semigloboso.
1460 2121 1542 2185 Ale
1568 2125 1706 2182 divarica.

399 2215 462 2269 tae:
499 2222 602 2262 nervo
625 2214 743 2279 quarto
764 2199 1010 2278 longitudinali
1040 2198 1093 2257 vel
1114 2202 1304 2276 angulatim
1338 2205 1450 2265 ¹fracto
1481 2219 1518 2265 et
1540 2227 1647 2268 versus
1666 2225 1707 2266 co·

399 2300 484 2348 stam
505 2289 602 2354 flexo,
630 2285 683 2346 vel
707 2285 829 2362 absque
851 2284 1001 2345 flexione
1025 2283 1326 2356 longitudinaliter
1349 2288 1587 2350 descendente.
1615 2289 1725 2370 Iuliisx

400 2374 500 2433 nervi
523 2382 602 2432 sunt
623 2371 824 2430 tenuissimi.
869 2369 1003 2428 Pedes
1040 2367 1156 2440 validi,
1198 2367 1331 2438 hirsuti,
1372 2370 1394 2429 l.
1420 2375 1531 2451 pilosi.
1558 2409 1599 2424 -
1632 2377 1705 2436 Mas

400 2447 465 2517 and
484 2457 607 2535 gaudet
628 2455 757 2528 obtuso,
786 2451 936 2531 genitale
958 2452 1063 2524 brevi,
1103 2472 1236 2525 corneo,
1272 2455 1408 2515 inflexo.
1456 2459 1634 2521 Femina
1665 2457 1706 2516 sel
1778 2521 1779 2524 Ἴ

399 2543 521 2619 sagina
542 2540 733 2610 articulata,
762 2536 968 2617 cylindrica,
990 2535 1157 2612 simplici;
1190 2537 1245 2596 vel
1268 2538 1422 2618 elongata
1443 2545 1555 2616 (intra
1578 2561 1705 2622 segmen·

400 2637 437 2686 ta
459 2625 570 2687 analia
593 2623 770 2686 intubum
793 2622 950 2682 conicum
986 2621 1165 2700 producta)
1201 2634 1236 2680 et
1274 2625 1364 2684 infra
1398 2645 1503 2686 anum
1541 2628 1637 2708 longe
1663 2629 1702 2688 in·

400 2710 501 2776 flexa.
551 2743 593 2758 -
1263 2729 1266 2734 ¹

527 2827 671 2888 Lam
701 2823 821 2902 apodae,
843 2821 897 2882 vel
920 2839 1043 2901 rugos:
1068 2818 1122 2878 vel
1146 2820 1272 2896 scabre,
1296 2822 1413 2884 obtuse
1435 2838 1548 2901 ovate,
1573 2847 1705 2907 segmen.

401 2914 447 2971 tis
473 2927 615 2972 10-12
653 2911 833 2976 instructae,
860 2910 895 2965 in
919 2905 1122 2976 animalibus
1146 2905 1255 2965 calido
1298 2911 1460 2987 sanguine
1492 2915 1634 3000 preditis
1668 2917 1706 2973 si.

400 3007 472 3055 tam
495 2994 633 3070 degunt,
653 2994 723 3054 alie
745 2993 781 3052 in
800 2991 937 3050 sinubus
962 2989 1177 3060 frontalibus,
1199 2991 1270 3053 alise
1288 2992 1347 3051 suh
1369 3007 1464 3066 cute,
1484 2997 1556 3062 alie
1577 2999 1704 3078 denique

401 3080 439 3138 in
460 3077 675 3146 ventriculos
711 3095 774 3136 nec
799 3087 894 3135 extra
923 3092 1042 3150 corpus
1081 3077 1271 3134 viventium
1309 3077 1511 3139 animalium
1535 3084 1705 3145 incremen-

400 3174 477 3224 tum
493 3180 641 3240 unquam
665 3162 812 3237 capiunt.
853 3160 928 3221 Hac
952 3158 1151 3218 Oestrorum
1176 3160 1310 3218 vivendi
1341 3163 1429 3221 ratio
1451 3163 1554 3240 plane
1576 3167 1704 3246 singult-

400 3251 460 3322 ris,
485 3246 712 3307 attentionem
737 3246 922 3306 Doctorum
941 3260 1010 3302 non
1033 3243 1145 3304 minus
1172 3243 1263 3303 Artis
1287 3244 1523 3322 Veterenaria·‚
1548 3270 1641 3330 quam
1653 3254 1704 3314 Hi·

402 3335 510 3396 storiae
531 3329 706 3394 Naturalis
729 3330 854 3388 mereri
877 3328 1023 3387 videtur.
1047 3359 1089 3372 ·-
1133 3327 1212 3388 Post
1243 3327 1492 3392 incrementum
1516 3349 1625 3396 eutem
1644 3355 1705 3413 per-

399 3419 531 3478 fectum
554 3413 727 3485 animalia,
757 3411 854 3472 modo
873 3429 933 3488 pro
956 3408 1167 3472 habitatione
1185 3409 1327 3480 diverso,
1353 3413 1596 3492 derelinquunt
1615 3417 1703 3488 larva.

401 3512 462 3561 aut
485 3501 739 3561 sternutatione
763 3515 822 3574 per
843 3514 941 3555 nares
964 3495 1018 3554 vel
1040 3496 1170 3554 vomitu
1192 3513 1210 3552 e
1233 3495 1383 3556 faucibus
1406 3497 1578 3572 abeuntes,
1596 3515 1704 3563 auten·

401 3597 473 3645 tem
497 3593 725 3662 penetrantes,
770 3591 828 3639 aut
864 3582 953 3640 viam
978 3579 1047 3640 alvi
1069 3591 1259 3656 sequentes,
1294 3583 1331 3641 in
1354 3593 1479 3644 terram
1503 3585 1704 3655 delabuntur,

400 3669 460 3730 ubi
482 3685 554 3727 sese
576 3664 809 3734 abscondunt,·
823 3674 857 3722 et
880 3665 915 3723 in
938 3682 1052 3740 pupas,
1078 3663 1180 3723 larvis
1201 3664 1280 3740 ipsis
1315 3664 1451 3748 similes,
1479 3671 1702 3732 transforman-

400 3766 468 3814 tur.
481 3754 662 3815 Structura
684 3759 719 3808 et
743 3746 909 3808 habitatio
931 3747 1102 3808 larvarum
1127 3765 1187 3826 pro
1208 3764 1403 3828 unaquaque
1425 3755 1533 3828 specie
1558 3755 1703 3815 verisimi-

401 3837 485 3898 liter
506 3837 647 3900 diversa.
683 3834 814 3892 Harum
834 3843 950 3892 tamen
971 3833 1118 3906 cognitio
1143 3827 1253 3892 adhuc
1272 3851 1401 3906 manea,
1432 3835 1626 3902 ulteriorem
1643 3856 1703 3902 cer·

400 3932 437 3988 te
457 3923 602 4004 requirit
625 3917 887 3997 indagationem.
925 3917 1066 3979 Etenim
1097 3927 1133 3977 et
1154 3914 1262 3978 larvas
1281 3919 1352 3980 *rite
1375 3917 1651 3994 determinandas,
1672 3928 1701 3979 et

1531 4029 1536 4044 ·
1632 4023 1699 4069 unt·
