3582 4892
620 483 679 608 24

421 736 510 791 cans,
532 715 681 777 vibrirsis
713 725 838 772 carens.
886 703 1050 772 Antenne
1085 707 1257 791 elongate,
1287 713 1324 771 in
1362 705 1538 772 exsiccatis
1576 709 1667 786 nigre

420 812 607 869 truncatae3
651 813 767 856 earum
789 791 952 852 articulus
974 794 1102 870 primus
1123 794 1254 866 brevis;
1292 796 1456 855 secundus
1492 793 1666 855 etultimns

420 885 635 962 longitudine
676 875 879 953 subaequales
926 895 1036 935 versus
1069 881 1198 956 apicem
1235 880 1357 938 sensim
1392 879 1535 938 dilatati.
1579 875 1666 936 Oculi

415 970 544 1043 magni.
573 968 608 1026 in
633 979 723 1023 mere
746 959 861 1038 paullo
886 961 998 1018 minus
1022 961 1179 1020 distantes
1205 979 1303 1038 quarn
1339 961 1376 1022 in
1397 963 1536 1024 femina.
1578 961 1666 1022 Pedes
1779 951 1780 968 ¹

422 1053 514 1146 rufin:
545 1051 643 1123 tersis
666 1046 785 1124 nigris.
833 1041 898 1106 sla
919 1045 1163 1106 immaculatos
1197 1047 1310 1106 nervis
1344 1057 1382 1105 ut
1417 1047 1454 1106 in
1488 1043 1521 1106 T.
1534 1040 1606 1126 sess
1625 1036 1667 1102 di·

422 1145 535 1196 rectrs.
1509 1149 1511 1153 ·

422 1346 489 1424 48.
547 1331 588 1404 T.
617 1343 718 1402 comta
752 1325 956 1419 nigricens,
997 1323 1216 1398 maculatim
1241 1325 1494 1412 elbo-micans,
1532 1323 1670 1408 scutelle

539 1432 822 1519 femoribusque
865 1427 993 1522 nigris,
1038 1426 1247 1496 abdominis
1286 1427 1463 1498 lateribus
1508 1429 1549 1498 in
1583 1444 1671 1498 mett

538 1529 854 1613 rulo-maculatis,
881 1531 981 1599 tibiis
1007 1527 1242 1623 ferrugineis,

556 1689 688 1757 Tociissa
708 1697 807 1754 comta
837 1693 909 1755 Act.
938 1691 1054 1753 Helm.
1079 1695 1134 1753 eit.

583 1807 677 1870 Mas
715 1820 750 1867 et
782 1805 880 1872 Fsm.
928 1809 969 1868 In
992 1807 1077 1866 silva
1100 1805 1384 1883 Esperddmense
1408 1806 1606 1885 Septembri,
1631 1823 1673 1864 ra·

426 1895 557 1954 sissima
581 1889 689 1959 lecta;
724 1893 761 1950 in
782 1889 961 1966 Blelsingie
983 1908 1098 1949 mense
1121 1890 1221 1950 Junio
1243 1890 1318 1951 aD.
1344 1891 1556 1951 Zotteratedt
1579 1899 1670 1967 capte.

426 2009 469 2026 ...
491 1975 692 2051 Magnitudo
718 1972 943 2050 precedentis,
962 1977 1060 2051 eique
1083 1972 1190 2050 quoad
1215 1984 1422 2034 structuram
1445 1976 1598 2034 omnium
1614 1989 1675 2050 pss-

426 2061 525 2128 tium,
557 2059 728 2132 situmque
751 2073 933 2138 nervorum
967 2057 1003 2116 in
1036 2055 1098 2115 alis
1123 2055 1306 2116 simillime.
1353 2057 1478 2117 Differt
1500 2068 1613 2116 autem
1632 2074 1676 2113 co·

427 2139 512 2206 lore.
560 2139 735 2201 Abdomen
774 2139 867 2199 enim
891 2141 1054 2218 ‘nigrum
1093 2141 1292 2200 maculatim
1325 2139 1565 2218 irregulariter
1598 2137 1674 2198 albo·
1769 2152 1775 2192 τ

425 2225 564 2290 micans.
605 2223 641 2282 in
676 2221 837 2282 lateribus
858 2225 1024 2301 segmenti
1049 2221 1187 2281 secundi
1229 2235 1262 2283 at
1299 2225 1397 2282 tertii
1421 2227 1586 2301 utrinque
1613 2219 1676 2280 taio

425 2307 634 2370 maculatum
657 2307 693 2366 in
716 2323 825 2375 mere3
863 2315 897 2364 at
922 2308 957 2365 in
981 2305 1108 2364 femine
1141 2303 1263 2365 barum
1285 2306 1492 2367 macularum
1518 2307 1678 2366 rudimen·
1773 2347 1774 2360 1

426 2403 501 2452 tum
523 2390 580 2449 six
624 2389 727 2449 adest.
772 2389 838 2451 Aloe
865 2386 1032 2468 hyalino:
1067 2405 1172 2447 nervo
1204 2401 1322 2463 quarto
1346 2390 1434 2449 infra
1455 2390 1617 2468 angulum
1636 2391 1678 2446 ns

428 2475 530 2550 longe
552 2472 791 2532 descendente.
822 2471 963 2547 Squama
985 2470 1068 2532 alba.
1121 2467 1679 2554 ATaclrinaobliquotaspertedii·
1771 2479 1772 2482 ’

426 2560 515 2619 fert:
556 2567 785 2626 antennarum
804 2556 899 2633 apice
922 2555 1140 2616 transversim
1161 2567 1330 2629 truncato,
1361 2555 1516 2630 dilatato,
1532 2569 1600 2618 seta
1616 2555 1681 2616 bre·
1767 2584 1772 2641 5

426 2643 525 2718 riori,
554 2650 619 2700 ete.

430 2859 497 2934 49,
551 2840 592 2912 Τ.
619 2841 779 2934 obliquata
824 2837 929 2931 nigre
953 2839 1173 2909 maculatim
1222 2840 1397 2927 albicans,
1427 2843 1590 2914 scutello
1614 2843 1679 2914 fer·

545 2941 725 3032 ruginem
773 2939 947 3009 antennis
969 2941 1075 3032 opica
1102 2945 1203 3016 intus
1228 2943 1382 3033 oblique
1418 2945 1602 3016 truncatis
1625 2965 1678 3039 pe·
1767 3032 1772 3043 Ι

542 3039 728 3131 dibusque
758 3039 886 3134 nigris.

514 3197 647 3270 Tomisa
665 3204 820 3290 obliquata
854 3206 926 3269 Act.
949 3206 1065 3267 Holm.
1087 3207 1145 3268 cit.

556 3321 654 3385 Fere.
703 3325 746 3384 In
768 3321 913 3402 Esperbd
938 3325 1077 3386 unicum
1106 3323 1249 3384 vidimus
1269 3321 1494 3384 individuum.
1518 3357 1561 3374 -
1601 3325 1679 3388 Pre·
1766 3388 1771 3405 Ι

404 3417 409 3430 ⁴
432 3405 566 3470 reiensi
588 3403 779 3468 subsimilis.
825 3409 951 3483 Corpus
980 3407 1290 3484 oblongo-ovatum,¹
1309 3404 1449 3467 thorace
1477 3407 1577 3485 nigro
1598 3405 1678 3468 albo·
1767 3462 1772 3475 ‚

431 3493 579 3551 micante
616 3490 817 3564 sublinesto,
844 3491 986 3551 rantello
1023 3492 1229 3568 ferrugineo,
1269 3487 1447 3550 abdomine
1470 3493 1579 3570 nigro,
1620 3505 1680 3567 seg·

432 3586 626 3634 mentorum
651 3575 720 3634 basi
741 3574 970 3652 lateribusque
1005 3572 1314 3640 albo-micantibus.
1360 3573 1508 3652 Clypeus
1531 3573 1677 3644 albicans,

431 3655 581 3718 vibrissis
604 3656 767 3736 elongetis
790 3659 964 3720 instructa.
1006 3659 1113 3719 Linea
1133 3658 1270 3718 verticis
1291 3659 1398 3734 nigre.
1446 3659 1610 3718 Antenore
1631 3656 1676 3716 ni·

400 3737 404 3746 “
431 3759 503 3820 gre.
523 3741 765 3811 breviuscule23
799 3742 965 3802 articulus
987 3753 1102 3802 tamen
1125 3741 1266 3801 ultimus
1286 3740 1432 3802 secundo
1453 3739 1557 3819 duplo
1579 3752 1611 3798 st
1631 3737 1676 3796 nl·
1766 3749 1772 3821 j

431 3837 485 3886 tre
508 3823 650 3902 longior.
676 3826 767 3885 intus
792 3823 926 3902 oblique
948 3837 1131 3896 truncatus,
1161 3827 1206 3884 ita
1231 3836 1268 3883 ut
1290 3829 1377 3903 epeia
1396 3827 1516 3884 sensim
1537 3833 1679 3884 ettenue·

433 3920 507 3968 tur:
541 3917 611 3967 sets
632 3906 730 3987 longe
752 3908 936 3984 cupillaris·
985 3907 1082 3987 Palpi
1104 3909 1197 3988 apice
1221 3907 1309 3970 flavi.
1351 3908 1458 3973 Pedes
1490 3910 1555 3970 toti
1585 3903 1677 3983 nigri.

433 3992 573 4071 Squama
598 4000 631 4049 et
653 3991 708 4057 sla
731 4001 769 4053 at
795 3993 832 4054 in
869 3990 903 4055 Τ.
927 3995 1035 4058 comta.

557 4106 663 4180 stas.
