3596 4896
484 587 566 649 Mis
589 581 732 648 et'F'an.
753 577 946 658 tneoputa.
992 573 1133 638 Habitat
1157 579 1192 641 in
1216 575 1445 658 Ostrogothis,
1470 593 1578 640 mense
1599 574 1670 652 Sep*
1766 604 1767 672 p

402 671 540 733 cumbet
566 701 608 722 -·
630 667 671 735 Τ,
693 665 851 742 flavipedi
874 661 1015 732 similis3
1055 679 1173 738 corpus
1206 677 1320 724 tamen
1350 665 1453 740 magis
1484 665 1610 742 nigrum
1638 669 1667 716 et
1766 675 1767 726 1

403 757 566 824 nitidum,
591 751 893 816 neccinamscens.
925 747 1064 808 Femora
1085 747 1199 805 omnia
1221 747 1486 828 fereaequaiiter
1508 765 1617 817 crassa,
1639 753 1668 800 et

404 842 487 902 tarsi
507 833 733 899 immaculati:
761 832 925 908 unguibus
937 829 1045 888 solum
1055 831 1168 906 nigris.
1199 833 1356 892 Praetara
1373 849 1455 892 anus
1468 828 1669 889 inmareeie·

399 937 502 984 ¹ratus
523 934 557 980 et
581 918 676 978 vaide
700 919 837 976 crassior
859 914 1111 997 proportionem
1152 918 1297 989 pas-stum
1332 916 1498 976 diversam
1538 913 1671 972 indicare

406 1009 551 1070 videtur.
598 1002 738 1062 Femora
756 1017 891 1075 :quoque
916 996 1117 1062 intermedia
1139 1003 1238 1058 maris
1263 999 1376 1058 subtus
1407 1001 1446 1058 ad
1468 997 1561 1056 basin
1583 994 1671 1070 magis

405 1089 565 1151 'distincte
588 1084 711 1144 ciliota.
761 1087 882 1158 Aperte
908 1079 1020 1144 differt
1044 1099 1062 1142 a
1086 1079 1124 1140 T.
1151 1084 1308 1142 assimili:
1336 1082 1569 1162 magnitudine
1588 1076 1675 1150 majo·

404 1173 451 1246 ri,
477 1186 510 1236 et
530 1169 717 1230 directione
740 1184 921 1226 nemorum
945 1162 1063 1223 in.alis
1088 1167 1189 1240 magis
1207 1180 1310 1226 reeta.

406 1281 509 1332 n-vn
538 1261 581 1327 Τ.
620 1254 921 1344 nigritarsis
949 1254 1063 1340 nigra
1089 1251 1220 1324 nitida.
1250 1252 1410 1342 pedibus
1431 1250 1550 1330 flavis,
1575 1247 1679 1336 ieme·

468 1441 471 1448 ,
513 1358 619 1430 ribus
640 1352 950 1443 suboequalibuss
978 1351 1136 1442 posticis
1160 1355 1274 1444 apice
1296 1354 1490 1444 v'tersisque
1515 1347 1681 1421 omnibus

512 1457 644 1528 foscis.
686 1495 692 1502 ·
874 1529 876 1532 ,
1327 1487 1331 1494 ’
1417 1519 1419 1523 .

493 1561 570 1621 Mas
594 1567 626 1612 et
650 1552 736 1612 Fan.
782 1548 923 1609 Habitat
945 1549 984 1608 in
1006 1546 1223 1628 Ostrogothis
1246 1570 1359 1612 mensa
1385 1551 1544 1628 Augusto.
1558 1572 1606 1596 ·-·
1623 1547 1684 1608 Sta·

410 1658 491 1706 tura
512 1653 546 1700 et
570 1653 698 1697 summa
720 1631 864 1694 affinitas
888 1633 1175 1711 praecedentium.
1225 1634 1365 1695 Femora
1398 1636 1526 1712 postica
1558 1630 1685 1708 reliquit

412 1745 532 1809 parum
554 1721 756 1797 angustiora,
780 1717 998 1792 apicenigra.
1045 1715 1140 1778 Tarsi
1167 1709 1297 1794 quoqne
1321 1737 1436 1782 ornnes
1459 1719 1531 1781 toti
1551 1717 1620 1778 fere
1640 1713 1685 1773 ni*

415 1815 478 1891 gri.
529 1804 679 1867 Directio
702 1817 883 1860 nervorum
905 1801 941 1858 in
963 1798 1024 1858 alis
1050 1802 1164 1859 eadem
1186 1815 1218 1878 et
1241 1803 1361 1862 similis
1385 1815 1484 1879 atque
1511 1805 1548 1861 in
1569 1799 1608 1862 Τ.
1634 1796 1683 1858 ssa·

413 1891 587 1970 stipatim
619 1903 683 1962 qua
714 1881 828 1942 differt
851 1879 934 1941 haec
955 1883 1100 1957 speeies:
1135 1885 1246 1944 colore
1269 1881 1688 1964 eorporis-nigromanti-

413 1984 625 2040 nerascente,
646 1965 893 2043 femoribusque
917 1963 1006 2024 haud
1029 1967 1074 2024 ita
1096 1969 1299 2029 incrassatis.
1463 1973 1466 1980 '

417 2055 550 2156 5,“r.
601 2052 859 2124 assimilis
897 2051 1005 2144 nigra
1031 2054 1166 2132 nitida,
1193 2054 1355 2142 pedibus
1376 2051 1531 2144 pallidis
1575 2053 1692 2122 imma·

519 2158 676 2234 culatist
705 2151 919 2224 femoribus
958 2151 1259 2244 subaquattbuss
1303 2179 1420 2228 netto
1465 2155 1615 2224 alarum
1646 2173 1691 2222 se·

516 2257 642 2328 cundo
668 2251 941 2346 longitudineii
964 2253 1087 2333 brevi,
1130 2255 1303 2325 incurro.

499 2359 577 2419 Mas
598 2366 632 2413 et
656 2352 741 2411 Fan.
791 2350 914 2410 Differt
934 2369 953 2410 a
975 2349 1013 2408 T.
1038 2352 1149 2412 ciliari
1170 2366 1203 2412 et
1228 2353 1406 2413 affinibus:
1457 2363 1640 2416 curvatura
1665 2355 1693 2410 et

416 2445 585 2504 brevitate
608 2436 704 2496 nervi
726 2433 873 2502 secundi,
895 2432 935 2493 ab
961 2436 1054 2508 apice
1076 2435 1161 2495 alae'
1185 2439 1288 2515 magis
1332 2439 1490 2500 distantis
1530 2455 1632 2516 quam
1664 2435 1694 2495 in

418 2525 588 2608 speciebus
604 2518 710 2594 ‘hujus
733 2518 891 2576 sectionis
916 2515 1066 2592 reliquis.

421 2633 480 2686 η,
537 2611 581 2679 Τ.
619 2602 922 2697 prae-coteria
952 2604 1142 2692 pallida'l.
1171 2603 1424 2690 cinerescens,
1465 2593 1543 2676 8th
1568 2605 1686 2677 Canis.

520 2729 607 2799 pag.
641 2725 697 2776 to.
1394 2772 1395 2775 ,
1513 2741 1516 2748 ’

502 2810 578 2870 Mas
602 2803 742 2864 et‘chr.
788 2799 926 2868 Habitat
945 2799 985 2858 in
1005 2797 1229 2878 Ostrogothis.
1261 2802 1363 2860 initio
1395 2805 1522 2864 mensis
1556 2803 1694 2878 Septem·

417 2894 488 2954 bris
510 2892 624 2950 minus
644 2887 814 2961 frequens.
843 2885 880 2946 D.
910 2883 1122 2944 Zetterstedt.
1148 2917 1190 2931 -·-
1212 2884 1313 2944 Color
1336 2887 1485 2962 corporis
1512 2887 1693 2963 saepissime

421 2973 584 3057 pallidus:
608 2969 794 3029 abdominis
816 2967 911 3029 dorso
931 2965 1040 3032 'solum
1063 2967 1236 3028 infuscata.
1297 2971 1340 3028 At
1370 2968 1462 3027 color
1484 2967 1634 3030 moratis
1654 2967 1694 3025 in·

423 3075 553 3121 tescens
590 3051 866 3118 etsubiinentus,
888 3050 945 3107 vix
967 3051 1035 3108 nisi
1070 3051 1105 3108 in
1126 3047 1310 3110 individuis
1335 3050 1492 3112 femineis
1523 3051 1695 3130 majoribus

423 3157 641 3206 cineroso-ans,
665 3133 799 3211 qualem
821 3136 856 3192 in
880 3150 949 3209 pag.
973 3149 1010 3193 to
1032 3151 1130 3208 supra
1150 3133 1395 3212 descripsimus.
1446 3140 1625 3197 Antennae
1645 3135 1696 3194 hac

420 3232 459 3290 'att
480 3225 587 3303 specie
613 3217 863 3280 crassiusculae.
884 3215 1011 3282 breves,
1037 3217 1236 3292 pierumque
1265 3229 1356 3277 totae
1390 3217 1496 3278 albae.
1546 3207 1635 3282 Ann's
1668 3219 1699 3277 in

421 3329 514 3373 mare
534 3323 658 3366 crassus
680 3313 713 3360 et
735 3312 771 3360 ut
792 3301 827 3358 in
847 3297 1042 3375 Empidibsts
1067 3299 1356 3378 appendiculatus,
1388 3320 1486 3380 saepe
1521 3313 1615 3366 totns
1655 3301 1695 3361 ti-

419 3397 544 3456 bicaris.

427 3501 485 3567 ²5·
539 3477 584 3542 T.
619 3467 855 3538 oratoria
901 3437 1017 3560 supra
1051 3466 1076 3536 l.
1114 3465 1258 3556 pallida
1293 3469 1319 3540 i.
1368 3472 1616 3544 cinerescens
1642 3475 1696 3541 icc.

522 3570 652 3643 Confr.
676 3588 762 3659 pag.
791 3585 848 3636 tt.

508 3671 586 3732 Mas
607 3679 640 3725 et
664 3666 749 3722 Fan.
796 3661 935 3724 Habitat
958 3661 998 3721 ad
1022 3661 1212 3741 Ldrketorp
1241 3663 1488 3745 Ostrogotbiae.
1503 3670 1698 3740 menseSep·
1770 3651 1772 3740 t

428 3753 561 3816 tembri.
609 3749 867 3809 Color-omnino
891 3747 1133 3822 praecedentis,
1157 3747 1290 3807 at'aiae
1314 3751 1561 3814 immaculatae.
1609 3757 1696 3816 Pne-
1770 3757 1772 3764 '

422 3855 519 3901 terea
541 3832 671 3896 abunde
694 3830 830 3889 differt:
854 3848 995 3914 numero
1016 3841 1049 3888 et
1065 3831 1132 3890 situ
1155 3849 1338 3893 nervorum
1360 3837 1396 3895 iu
1427 3835 1499 3895 aiis.
1539 3869 1577 3884 -
1601 3838 1695 3900 Abdo-

400 3923 525 4005 ‚tninis
547 3919 681 3977 dorsum
701 3915 754 3973 vel
774 3915 921 3992 nigrum,
946 3912 998 3973 vel
1023 3914 1359 3990 nigro-maculatum:
1382 3935 1445 3980 atto
1466 3923 1570 3982 maris
1590 3939 1695 3986 conco·

426 4009 510 4074 iore,
535 4001 661 4061 obtuso.
935 4059 937 4064 .

507 4089 603 4148 Not.
651 4079 861 4143 Ulteriorem
884 4077 1092 4163 specierum}
1118 4092 1150 4154 5,
1177 4095 1224 4152 12,
1256 4098 1294 4160 ¹5
1327 4081 1586 4164 descriptionem
1620 4096 1703 4146 antea

427 4174 464 4234 itt
486 4167 547 4230 hae
565 4163 806 4245 monogr-aptita
825 4160 988 4230 dedimus.
1393 4178 1399 4194 ν
1430 4175 1437 4182 ·
1511 4191 1514 4198 -

927 4357 1290 4394 -ιοικιι-υ
