3596 4896
636 221 703 381 3⁶⁷

575 491 749 567 Corpus
785 484 946 554 medium,
973 471 1151 544 lbaomine
1176 484 1341 545 fornicato
1378 483 1432 545 rel
1462 498 1555 546 oveto
1576 487 1623 547 vel
1641 489 1710 550 line·

438 580 499 652 ari,
524 578 717 655 saepissime
744 571 926 631 albe-ssavo
945 569 1091 628 fa'sciato.
1144 573 1465 641 Antennarum,
1494 575 1644 632 articulus
1672 575 1711 632 ul·

436 668 539 726 timus
565 659 779 728 rotundatas,
822 673 898 714 raro
936 653 1109 730 oblongus,
1145 657 1240 731 apice
1280 674 1410 732 semper
1457 655 1594 716 obtusus.
1637 659 1713 735 Cly·

437 766 569 829 paeus
604 762 699 820 saepe
724 742 993 816 margaritaceus,
1029 740 1117 797 infra
1145 739 1257 800 oculos
1280 740 1481 816 plerumque
1517 745 1647 801 minime
1670 744 1714 802 de.
1784 789 1785 810 χ

438 833 611 901 scendens,
637 849 700 887 nec
727 840 765 886 ut
790 828 824 884 in
848 821 990 902 Syrphis
1023 823 1062 906 ad
1089 827 1219 900 apicem
1261 838 1459 892 coarctatus,
1485 827 1537 884 sed
1561 828 1715 889 latitudine
1784 831 1785 898 ζ

438 913 571 994 aequali
596 909 775 992 praeditus.
825 909 960 967 Oculi
996 912 1142 979 maximi,
1172 909 1225 968 vel
1251 911 1331 967 nudi
1357 909 1410 967 rel
1436 908 1528 976 hirti,
1555 914 1589 970 in
1610 916 1714 970 verlice
1784 937 1785 984 3

437 1005 584 1064 marium
613 1011 707 1056 arcte
747 996 976 1056 conniventes.
1026 993 1202 1054 Thorax
1239 995 1271 1051 in
1308 994 1479 1070 speciebus
1521 999 1636 1054 nostris
1661 999 1716 1056 lere
1784 1051 1785 1076 ,

438 1085 593 1145 omnibus
617 1084 861 1141 aeneo-nitens.
910 1077 1049 1138 Pedes
1086 1079 1267 1153 simplices,
1295 1080 1328 1136 in
1353 1081 1558 1156 paucissimis
1582 1083 1716 1150 inci-uasa.
1784 1091 1785 1142 3

436 1173 465 1232 li
490 1169 672 1229 etarmssti·
722 1165 934 1224 Dilectio
972 1181 1211 1224 nervorum
1247 1163 1281 1222 in
1320 1162 1381 1219 alis
1412 1164 1538 1230 ‚eadem
1563 1178 1595 1224 et
1618 1167 1716 1225 similis
1784 1173 1785 1182 ’

437 1269 537 1334 atque
563 1255 598 1310 in
626 1251 783 1312 Sectione
805 1243 929 1327 Syrphi
952 1249 1070 1322 prima,
1114 1251 1227 1324 paucis
1253 1246 1350 1304 modo
1375 1247 1546 1323 speciebus
1583 1257 1719 1332 exceptis,

437 1337 616 1419 inquibus
647 1354 768 1394 nervus
792 1344 928 1409 quartus
953 1332 1070 1408 longit.
1099 1332 1213 1409 paullo
1237 1333 1401 1390 arcuatim
1424 1334 1632 1396 inflectitur.

547 1455 790 1532 ,Imagines
833 1453 868 1511 in
893 1450 1086 1512 nemoribus
1110 1449 1220 1508 aerem
1244 1467 1323 1510 sono
1347 1451 1498 1531 pipiante
1524 1451 1717 1532 implent.1n

435 1540 578 1608 floribus
600 1539 876 1599 Umbellatarum
900 1536 999 1595 facile
1024 1534 1195 1612 leguntur.

560 1661 725 1720 Larvas
760 1657 890 1731 aliquot
914 1652 1125 1730 aphidivoras
1148 1651 1323 1727 descripsit
1349 1653 1388 1712 D.
1414 1653 1467 1712 Da
1495 1654 1597 1712 Gaea
1631 1654 1716 1714 Mera.

433 1747 490 1806 des
514 1745 580 1804 Ins.
609 1742 704 1800 Tom.
731 1746 760 1804 6.
818 1739 1001 1815 Plurasque
1026 1739 1126 1795 etiam
1151 1737 1294 1795 Scaevae
1342 1740 1467 1811 species
1490 1741 1526 1797 in
1553 1737 1655 1799 hortis
1675 1756 1718 1802 cu·

433 1827 599 1890 linaribus
633 1824 789 1900 inprimis
813 1822 937 1892 obvias,
960 1823 1132 1900 larvasque
1164 1824 1263 1879 unius
1298 1817 1479 1880 alteriusve
1503 1825 1624 1898 speciei
1648 1834 1716 1879 stru·

433 1927 529 1978 stura
552 1927 667 1984 saaepe
689 1907 851 1986 singulari
875 1906 1067 1986 gaudentes,
1108 1903 1257 1984 Aphidas
1275 1904 1418 1967 Olerum
1442 1908 1627 1982 devorasse,
1641 1909 1719 1987 slepe

434 1996 693 2061 observavimus.

590 2116 687 2176 Not.
734 2108 954 2183 segmentum
993 2107 1178 2168 abdominis
1203 2107 1313 2166 hasale
1344 2111 1530 2182 minutum,
1556 2107 1719 2170 abducta·

431 2202 526 2266 ribus
553 2199 723 2284 omissum,
749 2194 787 2257 ia
808 2192 871 2259 hoc
895 2193 1054 2272 opusculo
1086 2195 1270 2271 primurn
1306 2192 1509 2273 adpellatur,

545 2355 565 2402 s
609 2349 827 2424 Majotes:
864 2346 1101 2414 abdomine
1133 2342 1345 2418 dilatato,
1389 2343 1621 2410 subarata.

434 2581 466 2632 1,
521 2551 553 2622 S.
600 2544 898 2642 syrphoides
939 2542 1113 2614 antennis
1145 2541 1632 2634 porredlisnigrahirsnta:
1659 2543 1718 2612 hir·

541 2653 637 2722 sutie
684 2650 842 2730 scutella
882 2646 1012 2714 baseos
1056 2645 1216 2712 thoracis
1259 2645 1549 2738 abdominisqoe
1599 2649 1716 2728 albida,

540 2753 749 2824 abdominis
778 2749 899 2822 media
924 2751 1032 2842 nigra
1079 2749 1196 2816 &ani
1225 2747 1458 2834 latescente5
1505 2753 1638 2848 clypeo
1662 2770 1717 2820 tar·

539 2858 662 2948 sisque
692 2853 809 2928 flavis,

563 3021 653 3082 Mas
691 3031 724 3079 et
759 3020 867 3081 Fem.
914 3013 955 3072 In
1000 3017 1172 3089 provincia
1218 3011 1439 3078 Calmariensi
1475 3013 1644 3084 habitans,
1683 3017 1715 3079 D.

430 3102 843 3182 Zetterstedt.-Syrpho
867 3111 1035 3160 oestraceo
1054 3119 1119 3158 non
1143 3102 1284 3178 longior,
1306 3112 1339 3157 at
1362 3100 1529 3162 robustior
1557 3116 1592 3162 et
1617 3105 1714 3170 latior.

429 3194 528 3268 eique
552 3190 659 3266 quoad
686 3189 868 3250 hirsutiem
905 3183 1119 3260 coloremque
1157 3197 1204 3244 sat
1237 3184 1365 3244 similis.
1414 3187 1715 3248 §crucam-amnem

428 3277 539 3355 clypei
564 3287 858 3348 antennarumque
882 3268 983 3343 longe
1002 3269 1139 3330 diversa.
1176 3268 1274 3330 Oculi
1302 3267 1437 3338 hirsuti,
1461 3273 1495 3330 in
1518 3291 1613 3331 mare
1636 3287 1713 3331 urere

427 3362 654 3422 cohaerentes.
705 3361 882 3417 Antennae
908 3365 996 3410 totae
1022 3357 1149 3428 nigrae,
1173 3350 1418 3423 longiusculam
1442 3371 1638 3430 porrectae:
1670 3377 1711 3414 ar·

425 3446 533 3508 siculo
555 3445 676 3510 ultimo
710 3441 866 3516 oblonga,
892 3439 1073 3512 inaequali,
1099 3441 1132 3498 in
1157 3437 1267 3494 medio
1301 3439 1430 3498 scilicet
1469 3439 1625 3511 dilatato,
1649 3441 1712 3502 ἰωῇ.

404 3536 488 3594 .mis
513 3529 615 3605 duplo
639 3529 710 3592 fere
732 3528 896 3602 longiore.
944 3520 1090 3599 Clypeus
1113 3522 1296 3580 latitudine
1321 3521 1463 3598 aequali,
1501 3526 1592 3586 infra
1614 3509 1713 3586 ocules

425 3617 568 3676 minime
592 3612 808 3681 descendens,
835 3611 929 3686 apice
953 3619 1108 3676 retusus;
1152 3605 1268 3678 gibbus
1300 3625 1322 3664 s.
1352 3603 1601 3682 tulser'culatus,
1625 3613 1712 3689 puhe-

425 3718 531 3768 acens,
556 3699 681 3764 nitens,
706 3695 917 3756 slavissimus.
964 3691 1092 3748 Vertex
1118 3691 1264 3749 feminae
1287 3690 1480 3768 pubescens,
1509 3694 1647 3756 obscure
1669 3715 1712 3754 [ι.

423 3801 574 3844 nascens.
623 3779 759 3838 Thorax
782 3778 822 3838 ad
845 3776 939 3844 basin
963 3778 1073 3850 capite
1103 3778 1288 3845 anemiior,
1332 3778 1448 3852 niger,¹
1479 3777 1577 3838 dorso
1609 3783 1710 3854 nigro.

421 3869 577 3940 hirsuto:
612 3862 759 3926 hirsutis
795 3863 897 3922 brevi.
945 3860 1076 3922 Adsunt
1117 3861 1180 3938 pili
1208 3862 1245 3920 ia
1268 3862 1380 3922 antico
1417 3859 1576 3940 thoracis,
1602 3883 1711 3939 conge.

1658 3950 1705 4023 sti,
