3614 4884
1203 545 1288 633 33

143 729 279 810 thoracis
307 729 463 796 lateribus
495 731 547 796 vel
580 731 667 812 totis,
689 733 742 796 vel
767 732 862 812 liner,
883 735 1085 820 pedibusque
1107 733 1213 799 luteis.
1256 734 1325 799 Ale
1346 735 1430 820 hya·

143 815 279 960 lungula¹
294 833 394 878 nervo
425 818 575 882 auxiliari
606 833 707 910 usque
735 817 776 880 ad
797 821 920 903 apicem
953 831 1048 884 costo
1078 821 1279 903 nigricantem
1322 820 1430 903 Sque-

140 915 194 958 ms
281 917 311 960 o.

249 1007 328 1076 Var-
350 1013 384 1076 b.
404 1014 535 1080 thorsce
556 1014 751 1100 ferrugineo,
780 1013 832 1074 vel
848 1015 1069 1080 -irnmsculoto
1104 1011 1157 1078 vel
1180 1017 1430 1102 nigrodineotol

151 1093 255 1238 upipr.
302 1094 381 1162 Huc
409 1103 529 1184 species
556 1099 597 1162 ad
629 1100 768 1164 Osann
798 1095 934 1160 forsitan
962 1101 1082 1185 potiori
1117 1097 1188 1181 jure
1227 1101 1342 1166 relecti
1372 1101 1430 1166 de-

134 1366 172 1438 5.
223 1349 274 1424 H.
295 1349 527 1523 Sroitloplrogino
554 1349 806 1446 nigro-piceo,
828 1372 894 1426 oro
921 1353 1082 1426 inormi:
1108 1353 1236 1446 capito
1252 1351 1429 1448 pedibus.

246 1472 327 1544 qus
381 1476 470 1526 arro.

247 1579 345 1646 Mas
367 1574 403 1642 dc
425 1579 522 1644 Fem.
569 1583 606 1646 ln
627 1581 741 1666 copulo
762 1583 860 1646 semel
882 1591 986 1664 copto,
1003 1581 1116 1664 Fungo
1138 1579 1276 1646 inridens
1295 1615 1337 1630 -
1355 1577 1431 1644 Sco·

133 1662 282 1749 lophagoe
311 1664 399 1728 haud
428 1663 615 1740 dissimilis;
645 1675 678 1724 ot
710 1669 789 1726 situs
818 1685 992 1726 nervorum
1021 1679 1278 1728 transversorum
1310 1665 1343 1722 in
1371 1659 1430 1722 elis

137 1749 296 1808 diversus.
339 1746 472 1810 Statura
495 1741 632 1810 Antion
654 1765 702 1810 κα
721 1749 866 1828 gracilis,
895 1745 1007 1832 paullo
1033 1745 1207 1824 robustior,
1235 1765 1254 1806 n
1277 1765 1342 1828 quo
1362 1746 1429 1807 dis-

136 1840 269 1912 crepat:
289 1827 404 1912 clypco
426 1832 550 1904 inermi,
570 1839 607 1889 ut
684 1829 859 1890 directione
880 1848 1052 1890 nervorum
1076 1829 1109 1886 in
1132 1823 1201 1888 slis.
1243 1827 1349 1910 Ccput
1373 1848 1430 1888 ro-

132 1911 320 1988 tundatum,
347 1907 486 1972 lluvumr
517 1909 569 1992 ely
594 1931 632 1971 eo
663 1908 776 1992 paullo
809 1911 936 1986 declivi,
967 1910 1113 1970 solennis
1137 1903 1227 1970 llnris
1254 1903 1429 1986 sessilibusJ

133 1992 304 2068 rotundis;
327 2001 394 2054 retu
416 1991 512 2053 nudo.
592 1991 657 2054 culi
686 1993 802 2070 magni,
829 1991 969 2054 rotundi.
1018 1991 1137 2051 vertex
1158 2001 1291 2052 setosus.
1338 1989 1431 2052 'rho-

135 2093 189 2134 rox
214 2067 436 2135 &abdomen
459 2075 672 2156 nigro-piceo,
691 2073 803 2134 nitido.
848 2073 948 2136 Pedes
971 2074 1031 2132 toti
1058 2069 1142 2146 flavi,
1166 2073 1314 2134 inermes.
1364 2072 1431 2136 Alo

133 2153 294 2235 hyolinae:
322 2175 420 2216 neruo
444 2154 593 2215 auxiliari
609 2153 722 2230 breri;
743 2155 896 2216 cervulus
921 2153 1055 2231 medius,
1079 2151 1192 2234 paullo
1209 2163 1293 2229 onte,
1310 2163 1344 2212 ot
1356 2177 1431 2216 ner·-

133 2237 227 2298 rulus
253 2237 356 2298 ordin·
380 2257 463 2317 pone
485 2237 607 2317 apicem
633 2239 723 2297 nervi
748 2235 915 2297 auxiliaris
938 2239 983 2296 ito
1007 2235 1115 2309 distet,
1147 2243 1184 2294 ut
1207 2253 1280 2294 eum
1304 2237 1337 2294 in
1359 2257 1430 2298 me-

132 2315 186 2380 dio
207 2317 270 2378 olae
289 2317 492 2394 collocatum,
516 2321 658 2398 margine
681 2327 788 2378 tomen
815 2319 960 2378 interiori
976 2318 1160 2398 propiorem
1184 2317 1314 2378 diceres.
1341 2321 1429 2380 Ner-

135 2419 193 2460 vus
215 2407 356 2481 quartus
378 2398 620 2478 longitudiunlis
654 2401 687 2458 io
713 2399 801 2460 disco
821 2397 933 2479 paullo
956 2399 1116 2458 curvatim
1144 2394 1253 2476 flexus,
1284 2400 1318 2460 in
1339 2420 1430 2464 sum·

136 2502 225 2552 mum
252 2481 309 2542 olae
325 2483 448 2566 apicem
467 2481 556 2540 exit'
586 2479 731 2542 Halteres
758 2479 840 2542 llari.
887 2480 1029 2562 Squomu
1049 2481 1101 2542 vix
1122 2478 1201 2540 ullo.

135 2667 412 2742 AGROMYZA
439 2662 569 2758 Corpus
595 2681 773 2739 oratums
805 2665 983 2737 antennis
1016 2663 1232 2736 rotundatis
1258 2667 1432 2744 crivulis

242 2766 464 2838 transversis
493 2767 533 2836 iu
561 2767 687 2840 medio
712 2771 781 2838 olae
811 2767 954 2855 ducilis3
981 2769 1118 2864 Sqrmmo
1143 2788 1269 2858 parvo.

243 2914 370 2995 Species
390 2913 530 2988 minure,
557 2913 607 2974 vel
632 2915 747 2976 obtuse
769 2915 820 2975 vel
844 2912 981 2992 oblonge
1003 2921 1123 2974 ovato:
1145 2917 1250 2995 cupite
1273 2921 1431 2984 rotunda.

137 3012 191 3076 ¹⁰⁰2
223 2996 345 3058 vertice
366 2992 546 3056 converiori
569 3015 666 3074 quom
694 2999 726 3057 in
750 2995 912 3060 Ominibus
935 2996 1099 3074 magisque
1134 3004 1247 3073 setoso,
1278 3001 1316 3060 iis
1345 3001 1431 3066 olio.

137 3083 216 3162 quin
240 3087 289 3139 snt
309 3076 437 3136 similes.
488 3071 617 3156 Clyperrs
634 3088 740 3138 tamen
763 3081 853 3160 apice
874 3073 985 3159 paullo
1007 3081 1234 3156 emerginntus,
1257 3079 1307 3139 vel
1330 3087 1429 3164 magis

138 3161 188 3224 vel
211 3163 320 3222 minus
343 3159 492 3221 distincte
511 3177 541 3214 m
567 3168 700 3220 stoceus.
745 3161 886 3241 Squama
916 3175 982 3238 quo
1007 3175 1047 3214 ue
1073 3159 1253 3220 distinctior
1276 3195 1317 3210 -
1342 3164 1431 3228 Ocult'
1485 3200 1489 3212 ι

137 3243 268 3306 rotundi
299 3247 368 3300 tola
396 3241 508 3322 cupitis
542 3177 640 3300 detero
674 3241 740 3304 sere
770 3249 939 3322 occupant.
1008 3239 1078 3303 edes
1111 3235 1280 3318 simplices,
1309 3266 1426 3326 parum

138 3323 302 3408 spinulosi.
349 3321 487 3384 Alarum
507 3339 623 3380 nervus
644 3322 815 3388 auxiliaris
836 3323 951 3392 brevis,
980 3322 1148 3402 saepissime
1178 3337 1251 3380 cum
1274 3327 1426 3388 secundo.

138 3409 185 3468 rio
209 3408 319 3465 intime
336 3423 503 3464 connexus.
552 3397 711 3464 Nervulus
733 3413 852 3469 transv.
873 3403 943 3464 ord·
966 3403 996 3461 in
1019 3403 1121 3462 medio
1143 3401 1200 3460 nlae
1223 3405 1312 3466 situs.
1345 3405 1427 3472 Ner.

136 3506 194 3551 vrrs
225 3483 465 3566 longitudinolis
496 3489 627 3568 quartus
655 3497 712 3546 sut
764 3507 823 3548 one
854 3486 985 3565 apicem,
1021 3495 1077 3543 aut
1107 3485 1138 3544 in
1169 3486 1236 3564 ipso
1256 3489 1346 3568 apice
1367 3489 1426 3552 olae

138 3591 210 3630 cnm
233 3587 332 3628 nervo
354 3567 464 3626 costuli
487 3563 683 3638 coniunctus.
747 3567 886 3650 magines
908 3569 939 3626 in
954 3567 1037 3646 agris
1058 3567 1206 3628 demessis
1224 3571 1425 3650 potissimum

111 3657 114 3668 '
138 3661 316 3711 versantur.
359 3647 510 3710 Suetlrice
536 3639 730 3734 Allerflugor.

539 3813 561 3864 *¹
612 3815 755 3910 Corpore
786 3823 894 3890 obtuse
926 3831 1028 3890 ovato.

146 3971 178 4024 r.
228 3949 279 4022 A.
309 3967 443 4121 repgnns
470 3951 605 4024 obtuse
634 3955 762 4040 orata,
804 3953 932 4046 nigror
971 3951 1075 4024 tibiis
1107 3955 1298 4048 tersisque
1333 3957 1426 4031 olbi-

252 4057 353 4124 centi
385 4075 440 4125 us.
