3608 4894
422 725 493 774 tem
514 710 580 772 hnc
604 708 752 766 evitetur
773 703 937 778 confusio,
977 721 1110 762 necesse
1141 713 1201 776 est,
1238 717 1274 763 ut
1298 704 1439 784 iiquram
1459 705 1633 778 oculorum,
1658 711 1686 766 ia

422 793 709 872 Scatomyzidibus
740 793 929 858 rotundam,
967 789 1001 846 in
1037 790 1243 848 Muscidibus
1268 795 1371 868 magis
1408 793 1590 869 oblongam,
1610 813 1686 868 squa-

421 896 577 957 mamque
601 874 660 936 cub
684 874 745 932 alis
768 878 802 931 in
824 871 875 930 his
899 871 1059 943 maiorem
1084 886 1117 931 et
1157 873 1417 944 dictinctiorem,
1454 879 1487 936 in
1514 877 1690 935 illismiuo·
1779 911 1780 920 κ

423 984 497 1026 rem
519 975 553 1021 et
573 977 692 1037 parum
712 957 926 1016 manifestam
945 957 1089 1031 magisve
1113 957 1261 1016 ciliatam
1286 959 1460 1023 observes..
1498 962 1596 1020 Hisce
1618 963 1693 1018 eninr

421 1051 512 1109 notis
550 1045 689 1104 divertis
725 1061 742 1099 a
776 1041 909 1100 familia
946 1041 1147 1107 Murcidum.
1175 1042 1339 1101 ditissima
1371 1047 1567 1116 specierum,
1598 1045 1692 1118 piures

422 1149 541 1209 easque
562 1147 630 1189 non
656 1127 826 1204 pauciores
849 1126 974 1201 species
991 1143 1163 1184 removere
1180 1126 1272 1185 uobis
1297 1133 1462 1205 contigit3
1499 1137 1562 1205 q'uo
1585 1128 1692 1186 lactum

423 1230 487 1288 est,
512 1227 549 1273 ut
572 1212 773 1280 faciliorem,
810 1213 847 1269 in
871 1211 949 1286 ipsis
974 1211 1145 1285 speciebus
1169 1231 1186 1268 a
1211 1231 1243 1269 se
1268 1215 1414 1272 invicem
1450 1215 1687 1290 distinguendis,

423 1306 511 1362 viam
535 1299 635 1357 luisse
659 1300 844 1366 inventam,
867 1293 961 1352 nobis
986 1296 1029 1351 sit
1053 1315 1251 1371 persvasum.
1281 1330 1321 1342 -
1354 1297 1404 1355 Ad
1427 1296 1691 1372 structurampal·

346 1394 349 1400 “
419 1403 541 1467 porum
564 1380 651 1460 quod
674 1381 809 1451 attinet,
850 1398 922 1436 eam
947 1391 1043 1435 extus
1069 1379 1224 1437 latiorem
1249 1391 1281 1436 et
1307 1383 1397 1455 quasi
1422 1381 1606 1454 depressam
1626 1401 1690 1436 sem-

419 1490 481 1552 per
504 1465 638 1526 videbis.
676 1465 719 1522 At
742 1465 777 1521 in
804 1463 932 1536 Lispa
955 1462 1148 1521 Muscidum
1173 1463 1260 1538 palpi
1286 1463 1394 1523 adhuc
1419 1465 1556 1524 latiores
1580 1477 1611 1522 et
1629 1482 1690 1540 qua-

420 1548 764 1617 ricochleariformes
802 1547 1030 1604 observantur.
1079 1548 1118 1605 In
1144 1547 1272 1623 aliquot
1297 1566 1429 1624 quoque
1472 1551 1693 1624 Muccoespc·

421 1638 534 1712 ciebur
569 1634 709 1694 eandem
743 1630 813 1688 fere
853 1631 965 1688 adesse
989 1629 1166 1706 palporum
1190 1643 1395 1690 structuram
1419 1645 1520 1710 atque
1545 1653 1578 1692 m
1601 1635 1692 1693 Scato·

419 1719 618 1802 myzidibus,
643 1718 699 1772 vix
735 1713 822 1772 male
853 1715 1083 1776 contenditur.
1114 1749 1154 1761 —
1198 1715 1308 1788 Igitur
1334 1719 1368 1775 in
1391 1736 1569 1776 nurnerosa
1592 1720 1694 1793 specie·

423 1827 501 1869 rum
525 1805 619 1880 copia
644 1802 851 1866 Muscarum,
888 1798 1002 1855 eadem
1044 1799 1115 1855 lere
1140 1811 1172 1856 et
1205 1800 1309 1857 simili
1335 1801 1483 1877 corporis
1508 1803 1610 1860 forma
1632 1821 1694 1877 psu-

419 1893 587 1959 dentium,
613 1883 888 1942 distributionem
910 1879 996 1939 hauc
1020 1901 1037 1940 a
1060 1882 1156 1939 nobis
1180 1887 1395 1957 propositam,
1436 1888 1491 1944 vel
1515 1903 1627 1944 noram
1648 1888 1694 1944 l'r·

418 1975 551 2038 mittam
576 1968 629 2027 vel
653 1985 736 2025 nova
762 1967 897 2026 Genera
920 1978 1140 2040 spectantem,
1183 1967 1278 2030 valde
1302 1972 1523 2029 necessariam
1548 1970 1640 2027 fuisse
1660 1968 1694 2026 la-

422 2060 489 2119 cile
513 2050 762 2130 dijudicabitur.
796 2084 837 2097 -
881 2050 1085 2108 AFaniiliis
1113 2047 1214 2121 liuius
1237 2051 1402 2112 sectionis
1423 2055 1635 2130 Dipterosum
1656 2071 1695 2108 re·

421 2143 525 2221 liquis
550 2151 583 2198 et
609 2135 886 2211 subsequentibus
910 2135 1066 2209 inprimis
1091 2133 1253 2192 disserunt
1276 2139 1542 2216 Scatomyzides:
1575 2149 1696 2194 structu·

418 2248 458 2291 τι
482 2240 515 2288 et
537 2233 706 2286 armatura
739 2218 793 2278 vel
823 2218 943 2297 clypei,
976 2217 1028 2276 vel
1055 2230 1286 2279 antennarum
1304 2222 1494 2300 pedumque
1542 2233 1605 2285 etc.

555 2391 699 2468 Diptera
722 2405 739 2444 a
765 2384 899 2444 Clarias.
937 2385 1133 2444 Lucanicus
1168 2385 1203 2442 in
1241 2384 1375 2461 Opere3
1422 2386 1695 2449 ’'considerationr
1775 2381 1776 2384 ’

425 2476 686 2558 generalatus
721 2468 855 2529 l’Ordre
880 2468 1017 2528 naturel
1041 2467 1096 2525 des
1132 2467 1319 2536 Crustace's,
1360 2470 1415 2527 des
1440 2472 1640 2533 Araclmidcs
1670 2477 1695 2526 et

422 2565 482 2623 des
511 2562 672 2630 Insectes,
701 2556 792 2616 Paris
818 2551 930 2623 iard’,
976 2558 1010 2610 in
1038 2566 1075 2623 15
1100 2551 1258 2610 Familias
1282 2552 1471 2628 distributa,
1503 2559 1544 2616 ad
1566 2574 1584 2632 5
1607 2553 1695 2615 Fami·

420 2648 485 2709 lias
511 2646 546 2703 in
568 2644 690 2719 Opere,
731 2637 800 2696 ''Le
825 2639 940 2710 Regno
963 2634 1098 2694 Animal
1123 2635 1287 2694 distributi
1310 2639 1441 2712 dapnis
1466 2659 1525 2700 son
1553 2653 1696 2716 orgium.

421 2735 498 2791 tion
522 2745 579 2803 par
604 2728 650 2786 M.
678 2725 820 2788 Covicn,
842 2721 939 2778 Tom.
965 2737 983 2796 3
1009 2719 1233 2793 Parir1817”,
1268 2720 1408 2793 adiectis
1429 2725 1694 2796 sectionibus.gc·

421 2811 561 2877 neribus
586 2821 619 2866 et
643 2805 894 2876 subgeneribus,
916 2803 1062 2864 reduxit.
1112 2803 1244 2860 Harum
1272 2804 1479 2865 familiarum
1515 2804 1695 2886 quarta,di·

374 2967 376 2972 ι
421 2910 520 2980 ptera
546 2891 816 2952 Athericera
849 2886 1095 2964 complectitur,
1139 2888 1261 2963 inqua
1294 2906 1416 2966 genera
1440 2889 1695 2969 Conopc,Oe·

421 2993 542 3044 etrus
582 2987 616 3036 et
640 2977 788 3036 Musca
813 2972 910 3031 Ltus.
950 2968 1124 3047 (Syrpbici
1158 2982 1190 3028 et
1214 2973 1383 3031 Muscides
1414 2987 1476 3034 etc.
1506 2977 1601 3048 nob.)
1633 2979 1696 3030 runt

420 3065 594 3130 collocata.
643 3060 697 3118 Sic
737 3059 888 3116 Muscam
921 3053 1107 3130 pluvialem
1133 3066 1166 3112 et
1198 3059 1431 3116 stercorariam
1464 3061 1562 3118 Ltus.
1588 3063 1619 3118 in
1642 3071 1695 3115 uuo

419 3151 604 3221 eodemque
625 3141 823 3217 subgenere,
862 3137 1082 3214 Scatophaga,
1119 3138 1316 3211 conjunctas
1344 3143 1448 3214 vides,
1474 3143 1558 3203 licet
1579 3141 1622 3205 be
1639 3157 1695 3215 spe·

418 3240 485 3299 cies
508 3231 608 3290 variis
632 3228 720 3285 notis
758 3242 775 3282 a
807 3241 841 3280 ce
875 3224 1021 3280 invicem
1046 3233 1094 3279 sat
1124 3221 1223 3299 longe
1246 3223 1383 3283 distent.
1413 3260 1453 3274 -
1498 3228 1636 3289 Nullum
1658 3234 1695 3280 ta·

419 3337 502 3383 men
526 3325 576 3372 cst
611 3311 764 3376 dubium,
804 3307 887 3382 quin
926 3305 976 3367 Cl.
1008 3307 1161 3376 Maraeu,
1199 3309 1254 3382 qui
1293 3308 1484 3386 Tipularias
1515 3313 1549 3370 in
1573 3315 1692 3391 system.

419 3395 610 3472 Beschrsib.
651 3395 711 3454 der
744 3389 818 3449 bet.
848 3391 982 3468 Europ.
1015 3389 1184 3464 Zweiiliig.
1213 3391 1384 3463 Insecten,
1419 3393 1556 3456 Archon
1582 3403 1692 3466 rarii!

420 3488 486 3552 Th.
512 3501 580 3542 non
604 3481 716 3538 minus
743 3476 998 3534 adcuratissime
1022 3474 1211 3548 descripsit,
1245 3493 1343 3550 quam
1368 3479 1485 3550 figuris
1510 3475 1693 3557 elegantissi-

418 3593 476 3637 me
500 3564 699 3634 illustravit,
724 3557 1010 3638 Scatomyzidibus
1033 3559 1166 3625 nostris,
1187 3557 1312 3632 locum,
1336 3565 1370 3620 in
1387 3543 1573 3644 systemate
1594 3565 1689 3640 Dipte-

420 3673 539 3721 rorum
558 3646 698 3727 posthac
721 3643 863 3716 edendo,
888 3644 1047 3703 idoneum
1073 3643 1306 3720 adsignaturus
1330 3648 1382 3707 sit.

418 3853 719 3932 smomzi
762 3839 984 3930 clypeus
1027 3837 1288 3915 dereendeuc:
1325 3845 1449 3942 pulpis
1482 3865 1613 3937 parum
1649 3841 1690 3912 di·

524 3946 664 4020 locatis.
725 3946 912 4032 Corpus
959 3941 1206 4038 subaratum,
1251 3946 1386 4022 crebro
1410 3947 1598 4044 pilorum:
1631 3943 1688 4022 ui·

522 4048 713 4126 abdomen
738 4045 854 4141 longe
878 4046 1164 4141 superantibus.
