3756 4900
755 425 839 478 Ξ
1357 385 1385 518 s'

127 615 244 676 Pedes
271 613 378 692 nigri:
416 611 507 674 tibiis
531 617 651 674 enticis
677 615 950 692 sulslerrngineis.
990 615 1070 682 Alae
1095 621 1255 686 similiter
1279 635 1378 702 atque
1403 627 1439 690 is

124 695 370 760 Anthrace
403 699 668 760 fenestratis
709 703 954 782 nigro-pictnes
990 717 1024 763 ut
1049 703 1128 766 hoec
1154 710 1293 784 nigredo
1318 711 1436 770 sitdi-
1466 707 1472 717 '

125 785 278 844 midinm
300 783 373 844 alne
396 785 602 843 anteriorem
628 797 756 864 partem
780 783 917 846 sinubus
941 785 1107 858 obscurat.
1145 793 1289 852 uirentis
1325 798 1436 872 peruris

126 865 334 946 hyalinotis,
358 870 462 942 striga
481 870 678 948 maculaque
692 871 943 932 coerulesuente
959 874 1168 935 intermixta.
1200 879 1327 938 Punite
1343 897 1437 958 prae·

126 963 227 1014 terea
252 953 321 1012 tria
345 952 397 1011 vel
420 953 485 1014 duo
508 953 653 1014 discreta
677 957 785 1026 nizrs.
817 955 852 1018 in
867 970 963 1034 parte
986 961 1165 1036 posteriori
1189 961 1363 1040 lspnlinata
1380 965 1435 1024 ad·

127 1051 221 1100 suut.
270 1035 451 1098 individua
488 1038 620 1098 minero
653 1039 787 1118 punctis
823 1041 921 1100 modo
958 1041 1086 1104 duobus
1124 1045 1293 1122 gauderus
1326 1051 1360 1108 in
1385 1049 1437 1110 his

127 1139 266 1202 quoque
290 1121 477 1204 individuis
500 1123 641 1202 nigredo
663 1123 704 1184 ad
728 1124 821 1184 busin
844 1125 917 1185 ulae
939 1125 1073 1188 brevior
1097 1143 1154 1188 ost.

127 1321 165 1392 6.
212 1323 259 1390 A.
292 1317 594 1391 hotentotts
639 1321 752 1416 niger
797 1319 1122 1410 luiso-hirsutus3
1155 1323 1434 1426 alishpnlinis:

247 1435 356 1490 costa
383 1419 504 1490 lusca.

269 1586 365 1648 Febr.
390 1583 482 1644 Antl.
511 1597 579 1660 ιη.
606 1601 656 1660 3¹·
685 1581 788 1660 Mein.
832 1583 928 1668 Dipt.
956 1607 983 1650 ι.
1010 1607 1078 1668 ¹99·
1106 1609 1131 1650 ι.
1165 1587 1204 1652 M
1215 1609 1310 1653 usca
1332 1593 1437 1658 Linn.

124 1673 191 1738 ro.
222 1683 314 1750 ¹787.
342 1667 613 1733 Nensotelus
637 1667 801 1732 Delieer
824 1671 887 1732 Ins.
911 1673 941 1733 6.
969 1691 1036 1750 tpo.
1072 1683 1095 1734 t.
1126 1693 1171 1734 ιι.
1202 1675 1299 1752 l.·7.s

259 1787 462 1864 llospitetur
484 1803 553 1846 non
575 1785 734 1862 frequens
761 1787 796 1848 in
820 1789 967 1850 floribus.
1024 1793 1073 1852 Ad
1097 1793 1240 1872 parietes
1265 1793 1299 1854 in
1323 1769 1435 1876 spricb

125 1873 219 1940 Solis
245 1869 421 1933 interdum
443 1869 654 1948 frequentior
676 1868 801 1932 obvius

273 1989 350 2050 Mis
381 2001 416 2050 et
445 1989 531 2058 Fsu,
578 1987 674 2048 luter
697 1999 863 2048 nostrates
887 1987 1033 2048 masline
1054 1991 1189 2066 species.
1246 1985 1361 2046 l'uriot
1385 2003 1432 2051 ta·

124 2093 208 2136 men
236 2073 445 2152 magnitudo.
493 2073 598 2134 Frons
621 2083 655 2131 et
678 2069 789 2130 nuclsn
827 2069 1052 2151 luiso-pilosa.
1112 2069 1248 2134 Thorax
1274 2083 1307 2130 rt
1331 2071 1428 2134 obdo-

125 2179 207 2222 men
239 2157 384 2218 hirsutie
408 2157 604 2218 densissima
641 2152 767 2234 pallida
802 2153 1022 2232 obteguntur,
1073 2175 1136 2216 nec
1158 2155 1225 2216 nisi
1250 2153 1461 2236 fasciculus,

126 2247 285 2323 gensinus
309 2245 470 2322 utrinque
493 2241 658 2302 edanum
684 2259 702 2298 e
727 2239 805 2317 pilis
828 2242 934 2316 nigris
959 2241 1164 2300 observatur.
1224 2237 1364 2300 ntorum
1379 2239 1432 2304 bu·

129 2329 174 2390 sis
196 2341 232 2388 et
254 2341 346 2388 costa
367 2327 516 2386 exterior
538 2321 652 2402 paullo
675 2321 920 2386 brunneseunt.
979 2326 1083 2388 Pedes
1107 2321 1197 2399 nigri
1222 2321 1429 2404 luiso-squi-

127 2413 265 2474 mulosi.
314 2413 444 2490 Corpus
466 2409 581 2471 subtus
613 2405 803 2480 obscurum,
838 2407 963 2486 pallide
1003 2405 1193 2470 hirsutum:
1235 2425 1299 2468 ono
1322 2413 1429 2488 nigro.

132 2499 251 2576 Margo
277 2495 409 2556 alarum
434 2494 595 2555 exterior
626 2493 738 2552 antica
765 2493 1016 2568 nigro-setosus.
1065 2495 1235 2554 Punctum
1257 2507 1337 2552 unte
1361 2495 1430 2556 isias

140 2599 159 2638 e
179 2579 358 2658 termulis
377 2579 558 2659 argenteis,
580 2587 774 2654 'punctaque
794 2577 862 2638 duo
884 2577 1048 2640 iocando
1081 2597 1100 2638 e
1122 2577 1201 2658 pilis
1225 2573 1310 2636 albis
1333 2593 1430 2661 stepo

148 2661 270 2736 adsunt,
291 2665 423 2744 saepius
444 2676 560 2724 sotem
581 2659 741 2722 divulsae.

266 2813 359 2876 Ver.
398 2785 444 2884 βο
475 2795 511 2879 J
544 2787 569 2872 9
599 2805 710 2870 nucha
742 2809 972 2880 albe-seriem,
1024 2810 1120 2872 dorso
1143 2807 1329 2874 abdominis
1351 2817 1431 2892 pilia

134 2897 318 2958 rarioribus
362 2897 496 2966 vestito,
537 2904 571 2951 et
612 2895 705 2974 quasi
739 2895 838 2956 liano·
874 2915 897 2954 s.
921 2893 1223 2974 pallido-lasciato.
1273 2899 1427 2968 linthr.

132 2981 394 3062 cingulatus
419 2979 522 3056 bleig.
548 2977 640 3056 Dipt.
668 2997 694 3038 ι.
723 2995 789 3054 ι9ςι.
818 3000 845 3040 o.
869 2979 1103 3038 uerisimiliter
1126 2995 1218 3038 mera
1243 2979 1279 3040 Α.
1310 2979 1430 3048 hoton·
1498 2985 1511 2996 '

129 3079 239 3126 tettae
262 3067 406 3128 varietas
441 3063 555 3122 minor
588 3077 624 3124 et
660 3063 795 3123 detritu.
844 3063 1015 3124 llirsnties
1054 3063 1147 3121 enirn
1177 3059 1464 3140 buiusgeneris'

127 3151 296 3212 facillime
319 3151 419 3228 perit·
466 3147 606 3208 Restant
631 3159 745 3206 tamen
767 3145 828 3206 huc
851 3147 886 3208 in
910 3149 1021 3226 specie
1053 3147 1226 3208 interdurn
1249 3149 1380 3226 fasciae,
1410 3177 1429 3218 e

124 3237 208 3318 pilis
231 3231 370 3314 pallidis
415 3229 620 3292 densissimis
654 3243 688 3290 et
711 3229 883 3308 depressis,
920 3229 1063 3310 quaein
1087 3229 1155 3290 bosi
1177 3247 1429 3308 segmentorurn

122 3321 315 3384 collocatus
338 3328 430 3378 sunt.
475 3313 648 3390 Ejusmodi
670 3315 792 3376 tasciae
816 3315 851 3374 in
875 3319 1038 3374 varietate
1067 3313 1187 3389 majori
1211 3328 1245 3374 et
1268 3313 1425 3384 hirsutis-

121 3409 225 3479 sima,
249 3403 365 3466 demta
388 3399 544 3472 hirsutis,
569 3399 711 3460 minime
752 3398 997 3460 desiderantur.

265 3515 474 3580 Anthrax
509 3511 700 3577 Sabaeus
741 3513 836 3575 Febr.
891 3515 983 3576 Anti.
1027 3509 1094 3576 126.
1135 3513 1185 3592 5⁶.
1229 3513 1428 3586 ”abdomine

119 3616 385 3684 segmentorum
405 3599 612 3676 marginibus
635 3597 766 3670 albidis,
810 3597 870 3658 olis
896 3599 980 3658 olbis
1003 3595 1072 3657 basi
1096 3599 1260 3658 exteriori
1283 3604 1421 3679 nigris”.

116 3693 228 3768 Μοίρι.
256 3687 354 3766 Dipt.
387 3703 411 3746 ι.
435 3685 505 3746 2⁰6.
541 3703 587 3744 ια.
614 3691 715 3748 ι.,ιι.
745 3683 766 3742 l.
792 3701 838 3742 ιι.
869 3683 930 3744 ulis
954 3681 1251 3758 longitudinaliter
1270 3685 1426 3752 dimidia.

115 3773 301 3854 tes-nigris,
327 3769 370 3830 ab
394 3771 428 3830 sl.
455 3765 648 3830 botentotto
670 3769 797 3848 species
817 3770 956 3828 omnine
979 3769 1112 3828 diuersa
1122 3767 1271 3844 videtur,
1292 3773 1330 3834 in
1345 3777 1425 3838 Sue.

113 3867 169 3926 cia
189 3877 265 3924 non
288 3853 402 3918 adbuc
423 3851 519 3938 pubis
559 3851 664 3914 obvia.

778 4015 805 4086 b
1357 4029 1429 4102 Lu.
