3596 4896
343 527 411 588 nisi
435 518 648 600 longitudine
681 517 842 579 baustelli
878 527 912 576 et
957 516 1094 578 defectu
1126 516 1267 597 capituli
1301 519 1510 600 proboscidei
1533 523 1570 583 ab
1595 523 1656 585 illis

346 612 548 687 discrepans,
572 608 626 666 Sic
647 605 807 663 Oestrum
829 603 986 672 aMusea,
1005 604 1112 681 quoad
1136 617 1344 666 structuram
1362 612 1521 685 corporis,
1541 609 1657 686 longius

344 697 538 762 distantem,
562 691 603 750 ad
623 687 795 768 Syrphnm
821 703 937 746 autem
958 687 1212 765 aliquantulum
1228 695 1365 769 propius
1390 694 1599 752 accedentem
1617 695 1657 753 ia·

346 780 412 842 cile
435 779 656 842 observamus.
686 779 728 832 At
752 775 871 850 capitis
895 776 1028 848 orisque
1053 787 1222 834 structura
1256 777 1353 836 valde
1382 778 1521 838 diversa.
1560 779 1659 838 Oestri

346 866 438 924 enim
469 864 525 920 vix
559 858 668 918 ullam
691 855 816 915 habent
838 857 1084 934 proboscidem,
1112 877 1252 936 eamque
1274 856 1487 921 ob'caussam
1511 862 1550 920 ad
1569 862 1659 940 llpro·

347 945 627 1009 bossionensis.
651 943 775 1020 potiori
800 940 873 1017 jure
901 941 1086 1007 referendi.
1130 947 1248 1021 Neque
1271 947 1486 1025 Stomoxydis
1510 965 1569 1006 nec
1590 949 1660 1023 llip·

346 1033 490 1114 pobosoe
513 1030 638 1106 species
662 1026 825 1086 hactenus
849 1028 1010 1104 cognitas,
1037 1045 1155 1106 easque
1179 1032 1363 1106 pauciores,
1400 1031 1439 1089 ad
1459 1031 1554 1108 plura
1575 1048 1662 1107 gene·

346 1137 385 1181 ra
408 1115 548 1186 referre,
580 1130 643 1172 nec
672 1113 812 1172 unicum
853 1111 968 1172 Genus
1010 1131 1112 1184 unam
1145 1114 1247 1173 simul
1276 1117 1486 1175 constituere
1512 1115 1663 1176 familiam

347 1199 553 1265 contendere
578 1208 628 1257 sat
647 1208 725 1274 apte
749 1196 916 1257 convenit.
941 1198 1091 1257 Nimiam
1115 1216 1245 1276 quoque
1269 1200 1478 1260 familiarum
1502 1217 1663 1276 generum·

347 1306 412 1366 que
435 1283 705 1352 multitudinem,
732 1294 850 1359 preter
874 1285 1112 1341 necessitatem
1135 1287 1337 1360 congestam,
1371 1271 1553 1364 Syst'emati
1573 1285 1663 1362 magis

350 1374 463 1434 obesse
487 1386 586 1448 quarn
611 1367 766 1446 prodesse
790 1378 930 1433 constat,
963 1366 1232 1427 Accumulantui·
1248 1371 1341 1428 enim
1357 1380 1391 1428 et
1408 1369 1545 1428 nomina
1567 1379 1598 1425 et
1614 1388 1663 1426 no-

348 1471 399 1529 te,
427 1471 494 1535 que
514 1453 631 1530 sepius
663 1451 805 1511 minoris
829 1462 908 1510 sunt
930 1456 1098 1513 momenti
1123 1464 1156 1513 et
1178 1453 1312 1516 tadium
1325 1461 1522 1532 moramque
1546 1453 1580 1512 in
1599 1470 1664 1512 era·

350 1539 512 1606 minando
531 1536 690 1602 afferunt,
1568 1551 1571 1564 ·

477 1659 607 1719 vnum
646 1654 739 1712 ‘mim
783 1671 875 1728 “1⁰2
918 1671 1016 1731 ⁸00p0
1041 1645 1268 1730 dispositionis
1293 1655 1516 1734 systematicae
1539 1654 1666 1714 forsitan

348 1745 473 1811 melius
496 1738 673 1802 consulere
696 1735 862 1811 videmur,
900 1739 927 1796 si
961 1755 1084 1817 genera
1117 1735 1233 1809 hecco,
1269 1741 1442 1816 sepissime
1466 1743 1663 1818 sanguisuga,

349 1836 473 1894 inune
495 1826 676 1901 eademque
699 1821 831 1883 familia
863 1822 1071 1894 collocanda,
1100 1824 1329 1899 proponimus.
1371 1826 1462 1886 Note
1505 1826 1595 1884 enim
1615 1842 1665 1901 pro

349 1917 414 1978 hac
431 1910 562 1972 familia
585 1905 763 1982 ereliqmr
787 1908 1027 1984 distinguenda
1049 1905 1217 1978 sufficere,
1249 1919 1282 1966 et
1306 1908 1429 1968 exinde
1452 1907 1590 1969 facilem
1606 1927 1665 1986 spe·

352 2003 483 2062 ciarum
504 1991 778 2068 disquisitionem
801 2002 910 2052 ortam
942 1992 1045 2050 fuisse
1088 1993 1328 2051 existimamus.
1371 1993 1439 2070 Qui
1463 1995 1570 2072 igitur
1592 1991 1666 2054 hans

351 2084 520 2146 familiam
542 2079 750 2152 vituperant,
768 2075 950 2154 Systemati
972 2078 1018 2136 sic
1035 2076 1125 2135 dicto
1152 2075 1301 2136 naturali
1321 2078 1468 2138 nimium
1502 2080 1664 2150 insistunt,

353 2173 392 2234 in
413 2182 527 2228 veram
551 2159 623 2235 ejus
644 2158 796 2220 indolem
819 2159 908 2220 haud
929 2163 996 2220 rite
1021 2161 1246 2237 inquirentes,

487 2279 677 2342 Afamiliis
710 2278 1005 2354 Dipterorum
1033 2277 1261 2337 Sectionis
1290 2278 1478 2354 prioris,
1515 2279 1568 2340 his
1590 2281 1665 2340 notis

339 2361 455 2436 simul
487 2366 616 2436 sumtis,
662 2362 818 2439 inprimis
861 2361 1026 2421 disserunt
1068 2361 1516 2440 Hematomyzides:
1548 2365 1668 2424 defectu

354 2475 437 2519 aree
455 2449 628 2530 angularis
665 2459 700 2506 et
737 2447 910 2524 presentia
940 2457 1014 2510 setae
1035 2441 1184 2520 dorsalis.
1209 2447 1251 2505 ,A
1276 2447 1517 2525 sequentibus:
1548 2449 1668 2511 defectu

359 2537 506 2622 capituli
536 2531 756 2615 proboscidei.
1409 2556 1411 2560 ,

358 2717 622 2790 Snonoxrs
654 2705 713 2774 Os
742 2713 1012 2797 mystaceumt
1058 2699 1195 2790 clypeo
1220 2697 1421 2790 impresso.
1451 2701 1668 2774 Hanstol.

471 2811 574 2881 lum
617 2803 909 2875 horizontaliter
933 2816 1141 2882 exsertum,
1185 2804 1466 2894 geniculatum.
1506 2813 1669 2877 Anten-
1778 2877 1779 2882 ἵ

469 2933 538 2986 noe
579 2907 762 2980 deflesset
813 2904 980 2974 articulo
1038 2903 1178 2976 ultimo
1223 2905 1416 3000 elongato,
1451 2925 1669 3001 compresso,
1778 2905 1779 2909 ’

471 3026 668 3088 truncato.
1182 3029 1183 3032 ’

483 3185 652 3261 Corpus
686 3178 880 3256 oblongum,
906 3193 932 3240 s.
980 3186 1116 3235 oratum
1138 3170 1228 3234 haud
1252 3171 1369 3236 crebro
1394 3157 1540 3238 setosum
1563 3173 1668 3238 simili·

360 3283 415 3334 ter
436 3282 537 3348 atque
564 3270 602 3327 in
626 3267 743 3330 Musca
767 3271 1013 3332 constructum,
1036 3278 1093 3319 ore
1114 3271 1265 3336 excepto.
1287 3262 1319 3322 H
1333 3261 1577 3322 nusiellum
1609 3259 1667 3318 bari

361 3355 610 3437 geniculatum,
655 3345 957 3428 subcylindricum,
990 3344 1111 3420 absque
1135 3343 1283 3420 capitulo
1304 3342 1540 3422 proboscidem
1575 3344 1665 3405 inst

359 3439 564 3523 geniculata,
591 3443 639 3494 'et
675 3433 746 3493 basi
784 3442 819 3490 et
856 3425 967 3489 medio
1003 3428 1179 3506 plicatum.
1218 3427 1347 3506 Pelpi
1376 3427 1668 3504 {inseruissemus

359 3523 476 3608 paullo
512 3519 655 3588 dilatati,
686 3516 942 3592 subcompressi,
985 3513 1187 3591 Clypens
1226 3531 1375 3583 corneus,
1407 3531 1467 3592 pro
1489 3517 1667 3594 receptione

361 3623 591 3674 antennarum
611 3604 646 3662 in
668 3600 779 3661 medio
803 3600 993 3675 impressus,
1019 3607 1176 3674 apertura
1192 3600 1256 3656 oris
1281 3615 1410 3676 magna,
1425 3597 1583 3678 utrinque
1605 3614 1667 3674 my·

362 3708 492 3761 staceas
528 3687 675 3747 vibrissis
704 3683 819 3744 nullis.
861 3683 1080 3744 Antennae
1108 3680 1330 3758 &articulate
1351 3679 1502 3746 deflexa:
1537 3679 1666 3743 articulo

361 3781 487 3843 ultimo
524 3772 693 3849 elongato,
730 3765 976 3837 lamellilormi,
1016 3766 1110 3842 apice
1141 3775 1320 3824 truncato:
1354 3777 1423 3826 seta
1459 3769 1579 3828 dorsali
1621 3759 1667 3824 sel

361 3865 514 3946 plumata
535 3853 589 3916 sel
612 3853 711 3916 nuda.
752 3849 851 3914 Oculi
875 3850 1010 3925 oblongi
1046 3849 1127 3908 nudi
1168 3849 1221 3908 rel
1249 3850 1374 3930 magni,
1401 3873 1420 3909 v
1444 3849 1455 3909 l
1480 3853 1661 3918 mediocres,

364 3953 403 4011 in
425 3943 561 4006 feminis
585 3955 716 4016 semper
739 3936 910 4000 distantes.
946 3931 1084 4000 Pedes
1107 3894 1286 4010 simplices,
1313 3869 1486 4013 spinudosi.
1529 3935 1607 3997 tta
1624 3931 1667 3992 di·

366 4033 535 4103 varicare,
562 4023 739 4088 abdomine
762 4020 950 4102 longiores:
986 4032 1091 4080 nervo
1123 4028 1243 4098 quarto
1281 4017 1527 4103 longitudinali
1548 4017 1601 4082 sel·
1619 4032 1667 4074 an·

1616 4115 1667 4180 du·
